2480 4006
421 293 546 340 sarrna
563 293 615 340 111.
975 283 1012 344 13

18 435 158 496 Herculis
177 434 320 493 Antaeum
343 431 480 511 procula
502 431 607 491 tellure
630 433 766 508 tenentis,

18 520 142 580 Miratur
162 535 269 577 vocem
290 525 458 594 angustam,
484 533 540 592 qua
562 515 690 574 deterius
709 534 765 575 nec
978 529 1012 582 90

19 604 74 663 llle
99 611 200 676 sonat,
223 618 280 680 quo
301 600 452 660 mordetur
473 599 581 676 gallina
603 595 728 659 marito?

19 687 101 749 llaec
126 685 229 746 eadem
252 685 321 744 licet
344 693 373 744 et
391 683 476 743 nobis
499 682 633 743 laudare:
657 683 709 743 sed
727 682 785 743 illis

21 770 168 830 Creditur.
213 769 258 827 An
278 767 398 843 melior,
423 785 508 845 quum
529 765 639 827 Thaida
661 767 783 826 sustinet
805 776 853 827 aut
875 786 958 847 quum

20 854 153 913 Uxorem
175 851 334 913 comoedus
356 852 416 929 agit
437 851 486 910 vel
503 850 613 911 Dorida
631 851 710 910 nullo

22 937 138 997 Cultam
155 933 300 1016 palliolo?
322 935 426 995 mulier
447 953 553 1013 nempe
570 935 634 1012 ipsa
655 935 781 1010 videtur,
977 947 1011 1002 95

21 1021 87 1080 Non
112 1037 241 1100 persona
262 1021 358 1098 loqui:
378 1035 470 1079 vacua
493 1027 523 1078 et
544 1017 629 1097 plana
652 1019 747 1078 omnia
769 1019 849 1078 dicas

22 1105 100 1164 lnira
119 1104 312 1164 ventriculum
331 1113 360 1162 et
383 1104 463 1165 tenui
484 1103 616 1163 distantia
635 1105 715 1162 rima.

23 1187 86 1248 Nec
109 1197 205 1248 tamen
225 1187 385 1248 Antiochus
406 1205 462 1246 nec
486 1189 540 1246 erit
558 1186 698 1246 mirabilis
718 1186 778 1246 illic

23 1274 82 1331 Aut
107 1272 270 1332 Stratocles
293 1281 341 1332 aut
364 1289 427 1331 curn
448 1271 529 1330 molli
550 1270 715 1330 Demetrius
736 1269 862 1330 Haemo:

23 1355 109 1414 Natio
130 1355 271 1416 comoeda
294 1365 348 1415 est.
393 1354 500 1414 Rides:
523 1355 633 1414 maiore
655 1354 795 1414 cachinno
960 1370 1011 1420 100

24 1438 209 1514 concutitur;
231 1439 296 1515 det,
320 1438 502 1512 siluerimus
524 1439 678 1517 conspexit
700 1439 793 1514 amici,

23 1521 86 1582 Nec
110 1523 206 1594 dolet;
228 1523 384 1600 igniculum
406 1523 524 1599 brumae
548 1523 572 1581 si
594 1531 728 1601 ternpore
749 1539 867 1599 poscas,

22 1607 142 1686 Accipit
164 1607 376 1678 endromidem
398 1608 422 1666 si
445 1607 554 1666 dixeris
576 1615 694 1681 aestuo,
718 1605 809 1666 sudat.

22 1689 87 1749 Non
110 1709 207 1750 sumus
229 1709 301 1768 ergo
319 1709 425 1770 pares:
445 1689 564 1765 melior,
588 1691 636 1768 qui
659 1707 776 1768 semper
799 1700 828 1751 et
851 1693 926 1752 omni

22 1774 118 1833 Nocte
141 1774 246 1852 dieque
268 1784 366 1853 potest
386 1775 479 1834 aliena
502 1791 615 1833 sumere
636 1773 744 1834 vultum
963 1789 1010 1838 105

22 1859 47 1916 A
70 1858 158 1935 facie,
178 1860 287 1918 iactare
309 1877 425 1934 manus,
449 1858 567 1918 laudare
591 1867 719 1937 paratus,

22 1944 54 2000 Si
72 1941 149 2001 benc
170 1943 310 2019 ructavit,
331 1943 360 2001 si·
376 1951 487 2002 rectum
510 1943 610 2000 minxit
632 1942 751 2015 amicus,

23 2027 53 2083 Si
75 2025 161 2086 trulla
185 2027 302 2085 inverso
325 2027 466 2104 crepiturn
486 2024 564 2086 dedit
585 2042 672 2084 aurea
694 2024 792 2084 fundo.

22 2109 179 2170 Praeterea
201 2119 331 2170 sanctum
352 2109 422 2170 nihil
445 2119 490 2168 est
507 2127 563 2168 uec
585 2107 620 2168 ah
642 2108 758 2185 inguine
779 2116 883 2168 tutum:
913 2179 916 2184 Ι

21 2191 87 2251 Non
105 2202 235 2253 matrona
253 2193 338 2270 laris,
361 2210 419 2253 non
442 2193 499 2252 iilia
520 2193 624 2270 virgo,
647 2211 743 2272 neque
766 2193 831 2272 ipse
960 2204 1011 2256 110

23 2277 154 2353 Sponsus
176 2277 251 2336 levis
272 2277 381 2354 adhuc,
404 2295 462 2337 non
484 2277 560 2337 lilius
580 2286 645 2338 ante
666 2277 804 2355 pudicum

22 2359 130 2420 Horum
153 2362 177 2420 si
199 2359 268 2420 nihil
290 2371 352 2436 est,
377 2362 469 2422 aviam
491 2363 639 2440 resupinat
660 2362 754 2420 amici.

23 2445 106 2503 Scire
127 2445 229 2504 volunt
249 2453 365 2505 secreta
388 2445 489 2504 domus
509 2454 595 2524 atque
615 2445 681 2504 inde
703 2446 807 2505 timeri.

21 2526 58 2586 Et
80 2528 215 2605 quoniam
238 2531 336 2607 coepit
359 2527 535 2589 Graecorum
556 2531 682 2606 mentio,
705 2530 795 2610 transi

23 2612 175 2685 Gymnasia
198 2620 285 2689 atque
307 2613 373 2672 audi
395 2613 507 2673 lacinus
526 2615 642 2673 maioris
664 2613 797 2674 abollae:
961 2623 1011 2674 115

23 2695 269 2762 Stoicus‚occidit
287 2693 409 2756 Baream
428 2697 560 2771 delator,
581 2699 702 2756 amicum

22 2777 260 2857 Discipulumque
283 2799 375 2840 senex
396 2782 459 2858 ripa
478 2783 599 2840 nutritus
620 2781 649 2838 iu
670 2780 731 2852 illa,

23 2861 68 2920 Ad
93 2880 176 2940 quam
196 2863 344 2940 Gorgonei
367 2864 488 2942 delapsa
512 2873 556 2923 est
577 2866 663 2942 pinna
683 2861 803 2923 caballi!

23 2943 86 3003 Non
108 2955 154 3005 est
174 2945 305 3008 Romano
329 2949 460 3026 cuiquam
483 2948 565 3008 locus
587 2947 650 3019 hic,
671 2945 720 3004 ubi
742 2955 845 3022 regnat

22 3028 204 3108 Protogenes
216 3031 329 3110 ‚aliquis
348 3031 397 3091 vel
418 3031 552 3110 Diphilus
571 3040 619 3090 aut
638 3029 848 3115 hermarchusq
962 3039 1010 3090 120

24 3111 76 3184 Qui
98 3115 194 3190 gentis
216 3116 287 3174 vitio
309 3134 460 3194 numquam
481 3117 601 3193 partitur
623 3115 755 3189 amicum,

23 3197 108 3256 Solus
131 3197 233 3266 habet:
256 3218 320 3259 nam
343 3218 428 3279 quum
450 3199 565 3259 facilem
588 3197 707 3258 stillavit
726 3197 755 3256 in
777 3215 875 3259 aurem

25 3276 162 3357 Exiguum
185 3282 222 3341 de
245 3292 365 3344 naturae
385 3285 556 3361 patriaeque
576 3298 702 3358 veneno,

24 3361 126 3424 Limine
150 3384 353 3443 summoveor,
378 3368 525 3445 perierunt
545 3375 678 3444 tempora
700 3365 780 3442 longi

26 3447 153 3517 servitii:
177 3468 319 3528 nusquam
340 3451 432 3510 minor
454 3459 500 3510 est
518 3450 627 3510 iactura
649 3449 773 3510 clientis.
961 3457 1008 3508 tat

63 3529 146 3604 Quod
168 3550 259 3612 porro
284 3534 426 3610 cilicium,
447 3553 484 3592 ne
504 3533 588 3592 nobis
610 3532 758 3609 blandiar,
782 3543 828 3593 aut
849 3532 925 3610 quod
