2480 4006
215 245 238 286 X
602 245 810 294 PRAEFATIO.

211 389 271 447 nalis
280 389 386 460 privatae
396 388 568 462 indignationis
581 404 667 445 rocem
681 405 737 444 cum
754 391 850 460 publica
866 393 1002 448 communis
1020 393 1192 464 depravationis

210 472 379 530 testificatione
391 472 493 528 feliciter
503 474 627 528 coniunxit
642 487 783 544 summaque
794 475 944 532 fremebundi
956 477 1004 532 oris
1015 477 1125 533 libertate
1137 494 1191 535 cum

211 558 371 630 praesentium
387 557 514 613 hominum
529 557 661 612 reuerentia
677 557 807 627 pmdenter
824 559 899 614 mixta
916 567 940 614 et
953 560 999 616 sibi
1018 567 1043 616 et
1059 563 1148 633 populo
1160 563 1191 618 ita

209 643 268 698 satis
277 642 348 710 iecit,
360 649 387 696 ut
398 642 441 716 qui
450 641 508 698 bone
518 641 561 699 diu
571 658 601 696 ne
611 640 706 696 modico
715 641 808 714 quiden
819 643 938 698 moderic
948 645 1078 718 quicqum
1089 646 1190 701 commt-

210 733 259 783 lere
269 742 346 782 cucco
362 733 435 790 meet,
452 742 509 780 mon
524 741 615 798 mcqcc
631 725 768 799 frequrentia
784 733 807 782 et
822 743 932 782 noemae
948 728 1080 786 audiretur.
1109 728 1191 801 Neque

210 819 291 866 tamen
306 809 416 880 ipsehoc
431 809 457 864 in
467 823 582 864 successu
598 809 716 880 acquievit
732 823 817 881 neque,
828 810 886 866 dum
897 811 987 866 ahenos
1004 827 1084 867 moras
1095 814 1191 883 carpsit,

211 911 258 950 suo
271 900 365 948 tantum
373 893 472 964 ingenio
483 892 588 956 indulsit,
599 893 641 948 sed
653 897 780 964 postquam
790 893 814 949 in
824 894 944 964 prioribus
954 910 1041 951 novem
1051 895 1129 950 satiris
1139 897 1193 966 phi·

192 1035 194 1042 ,
211 976 337 1046 losophiac
347 977 388 1030 vix
398 977 472 1030 ullam
482 982 524 1031 aut
535 976 645 1032 notitiam
655 982 697 1031 ant
706 985 842 1048 respectum
852 979 970 1048 prodidit,
982 980 1028 1034 soli
1038 979 1154 1050 denique,
1165 989 1193 1035 nt

207 1061 244 1116 ita
255 1061 347 1123 diram,
365 1064 477 1114 externae
493 1060 587 1116 veritati
602 1061 709 1116 intentus
724 1061 894 1118 verecundiam
905 1069 930 1117 et
940 1063 1071 1132 pudorem,
1087 1063 1193 1118 internae

208 1144 324 1200 bonitatis
334 1144 418 1216 signa,
429 1143 519 1214 passim
534 1160 583 1199 non
599 1145 667 1200 laesit
677 1145 757 1200 minus
773 1161 846 1217 quam
863 1146 983 1211 defendit,
1004 1146 1122 1202 adecima
1138 1147 1193 1202 inde

209 1229 282 1299 plane
292 1233 400 1282 mutatus
416 1243 465 1283 non
476 1228 665 1300 indignationem
681 1234 775 1284 tantum
793 1229 1028 1301 reprehendendique
1039 1230 1193 1286 acerbitatem

207 1311 252 1367 sed
264 1311 407 1382 sapientiam
424 1311 496 1367 simul
507 1319 578 1384 atquo
588 1311 720 1368 honestatis
735 1313 842 1369 studium
853 1329 911 1384 prae
928 1328 956 1369 se
971 1314 1018 1368 tert
1028 1319 1103 1386 utque
1114 1315 1194 1370 minus

208 1395 254 1450 sibi
265 1395 290 1450 in
301 1394 430 1450 verborum
440 1396 533 1452 lusibus
549 1397 711 1467 irrisionisque
724 1397 814 1452 aculeis
829 1397 921 1468 placet,
939 1397 972 1452 ita
984 1398 1149 1470 castigationis
1161 1400 1194 1453 ri·

208 1493 294 1551 gorem
306 1479 466 1550 persuasionis
476 1486 501 1536 et
512 1480 635 1535 doctrinae
645 1487 833 1551 temperamento
850 1481 1003 1544 moderatum
1018 1497 1067 1553 quo
1077 1481 1102 1536 in
1113 1483 1194 1538 studio

207 1564 252 1618 etsi
262 1563 319 1618 hinc
329 1564 384 1618 inde
394 1579 438 1635 pro
449 1564 550 1634 pristino
567 1565 656 1635 poetici
673 1565 772 1634 spiritus
787 1565 872 1620 ardore
888 1565 926 1619 vel
937 1563 1106 1620 scholasticam
1116 1564 1192 1622 Stoici

207 1647 350 1718 gravitatem
361 1647 432 1702 offert
442 1649 555 1718 ipsosque
565 1647 674 1704 acerrini
684 1648 776 1720 ingenii
791 1663 877 1704 sensus
887 1654 1011 1720 tamquam
1028 1649 1138 1721 magistri
1150 1651 1192 1704 ali·

206 1731 275 1785 cuius
285 1730 373 1785 dictata
385 1731 482 1800 periert,
496 1731 566 1786 facile
575 1737 655 1786 tamen
667 1731 816 1802 ignoscimus
826 1733 878 1787 seni
888 1738 987 1787 strenuo
999 1739 1023 1787 et
1033 1733 1136 1796 amabili,
1151 1748 1192 1806 qut

206 1813 262 1869 licet
275 1820 376 1869 aetatem
394 1816 461 1886 quasi
479 1814 565 1870 haculo
583 1815 659 1882 levet,
672 1821 745 1885 caput
759 1821 839 1870 tamen
852 1830 983 1887 numquam
994 1816 1098 1872 demittit
1115 1833 1194 1890 neque

206 1899 289 1970 magni
301 1899 350 1954 oris
367 1899 461 1954 sonitus
472 1897 599 1969 comprimi
617 1899 721 1969 patitur,
739 1901 782 1956 sed
798 1901 835 1955 vel
855 1901 1026 1972 octogenarius
1044 1901 1069 1956 in
1086 1902 1192 1960 nefarias

210 1982 389 2052 ‚uperstitiones
405 1983 636 2055 peregrinorumque
653 1983 798 2055 religionum
814 1984 954 2040 foeditatem
967 1985 1051 2040 eadem
1068 1985 1192 2041 iracundia

206 2065 342 2130 inuehitur,
361 2081 407 2137 qna
419 2068 477 2121 olim
488 2067 639 2137 popularium
658 2067 792 2136 luxuriam,
803 2070 940 2135 vanitatem,
955 2069 1078 2124 avaritiam
1090 2071 1193 2125 notavit.

207 2147 317 2220 Namque
328 2157 448 2204 extremas
459 2151 543 2205 satiras
554 2150 602 2205 ianr
612 2150 731 2208 Hadriano
744 2152 877 2222 imperante
886 2151 988 2220 scriptas
999 2166 1061 2220 esse,
1073 2167 1122 2207 non
1135 2153 1193 2209 lun·

205 2247 250 2286 cns
262 2238 354 2287 tantum
366 2233 463 2298 consul,
476 2249 548 2305 quem
565 2235 675 2304 superins
690 2238 891 2305 memoravimus,
909 2235 952 2290 sed
965 2235 1080 2292 Fonteius
1096 2252 1192 2309 quoque

204 2316 304 2388 arguit,
323 2317 392 2372 oritus
402 2317 572 2390 magistratum
582 2335 656 2390 quum
668 2317 719 2377 Sat.
731 2320 798 2376 lllll.
811 2325 844 2382 17
863 2319 990 2390 sexaginta
1008 2335 1125 2375 annorum
1137 2337 1192 2392 spa·

206 2400 240 2454 tio
253 2415 266 2454 a
278 2415 321 2454 sua
338 2407 416 2455 aetate
426 2401 573 2474 distinguat,
589 2403 640 2458 sive
656 2419 679 2459 a.
691 2407 726 2462 59
740 2404 863 2460 consulem
880 2403 1040 2468 intellexeris,
1053 2405 1083 2460 ad
1096 2419 1117 2461 a.
1131 2409 1191 2471 119.

204 2483 255 2538 sive
275 2498 331 2538 cum
342 2484 475 2556 borghesio
487 2501 556 2554 enm,
573 2487 614 2559 qui
625 2502 646 2543 a.
658 2490 693 2545 67
710 2502 766 2543 cum
778 2488 806 2542 C.
819 2488 878 2542 lulio
892 2486 956 2542 linio
968 2487 1120 2543 consulatum
1134 2501 1193 2560 ges·

204 2567 252 2634 sit,
274 2567 471 2638 adipsumlunci
483 2585 572 2626 annum
591 2574 639 2629 127
657 2587 682 2640 p.
695 2571 753 2627 Chr.
771 2570 898 2632 desereris.
916 2571 981 2626 unde
995 2572 1105 2643 quintum
1125 2580 1194 2628 certe

204 2649 302 2716 librum,
313 2651 354 2724 qni
364 2653 448 2708 satiras
458 2655 554 2710 tertiam
561 2655 678 2710 deohnam
686 2661 710 2708 et
721 2653 1044 2726 sequentescomprehendit‚
1056 2655 1193 2712 adlladria·

203 2734 228 2788 ni
243 2740 350 2805 tempora
363 2738 482 2808 pertinere
494 2753 593 2794 necesse
603 2749 648 2793 est.
661 2736 697 2792 lle
708 2738 761 2793 solo
769 2746 855 2810 quarto
867 2740 929 2795 libro
935 2739 985 2794 sire
997 2740 1076 2794 satiris
1088 2740 1192 2807 decima,

201 2819 345 2890 undecima,
359 2821 508 2891 duodecima,
521 2837 582 2894 quae
592 2821 706 2892 peculiari
720 2825 836 2893 temporis
846 2830 903 2879 nota
915 2828 1008 2886 carent,
1024 2837 1113 2893 anceps
1129 2824 1194 2879 iudi·

202 2903 270 2958 oium
281 2911 325 2970 est
337 2906 383 2961 nisi
392 2907 457 2978 quod
468 2907 560 2962 interna
571 2905 651 2960 indole
661 2912 686 2960 et
696 2906 762 2976 ipsae
771 2907 878 2976 quintam
885 2905 983 2976 propius
990 2921 1062 2976 quam
1069 2909 1194 2976 tresprio·

201 3000 243 3040 res
254 2988 391 3062 attbrgunt;
402 3005 449 3061 qua
461 2991 486 3045 in
497 3004 568 3044 causa
578 2989 619 3044 ille
629 2990 734 3044 maxime
744 2990 812 3044 locus
821 2988 1044 3044 animadvertendus
1054 2994 1105 3055 est,
1117 3005 1193 3059 quem

201 3069 296 3127 decima
307 3074 378 3129 satira
389 3089 412 3128 v.
422 3077 473 3132 365
482 3088 537 3127 cnm
545 3071 606 3128 xlv.
618 3078 669 3131 315
681 3087 834 3127 communem
845 3073 923 3136 habet,
936 3071 1022 3141 siquis
1035 3071 1096 3124 ahos
1107 3071 1192 3127 claris-

201 3154 266 3209 simo
282 3153 392 3212 Stoicum
410 3157 480 3210 illum
496 3156 626 3225 sapientiae
649 3157 741 3211 cultum
758 3155 887 3224 exhibens,
906 3169 978 3226 qnam
999 3153 1034 3208 illi
1051 3151 1192 3226 philosophi

201 3239 283 3293 omnis
293 3240 399 3295 numinis
416 3239 491 3294 instar
501 3239 816 3311 existinrabantpraeqreea
825 3255 873 3295 non
885 3239 997 3294 fortunae
1007 3243 1191 3307 tantumcasus,

201 3321 247 3376 sed
259 3322 333 3377 etiam
344 3337 386 3376 eos
396 3321 455 3376 deos
464 3321 621 3392 spemehant,
633 3323 675 3395 qui
687 3339 761 3395 quum
771 3324 847 3396 vulgo
858 3337 938 3378 rerum
949 3322 1093 3377 naturalium
1105 3330 1193 3378 aucto-

201 3417 242 3456 res
253 3402 414 3471 haberentur,
428 3405 529 3460 inrentis
540 3405 592 3460 aliis
602 3405 688 3462 harum
698 3409 776 3463 causis
786 3423 818 3463 ne
829 3409 875 3480 ipsi
885 3407 982 3479 quidem
994 3407 1056 3462 ultra
1066 3407 1194 3479 legitimas

200 3484 344 3542 cerimonias
362 3489 489 3544 venerandi
509 3490 726 3555 ossevidebantum
744 3490 1064 3565 huiusigiturprudeutioe,
1084 3491 1155 3546 ouius
1166 3491 1195 3546 in

197 3565 362 3639 superioribus
371 3569 450 3630 satiris
461 3587 493 3629 ne
503 3588 592 3630 nomen
607 3576 704 3649 quidem
715 3581 806 3648 exstat,
823 3577 845 3634 si
856 3593 871 3634 a
882 3581 967 3651 quarto
979 3573 1036 3630 inde
1046 3573 1108 3630 libro
1120 3572 1197 3630 lure·
