2480 4006
474 300 597 346 SATIRA
620 301 643 346 1.

43 439 179 516 Antiquis
199 456 255 497 una
276 437 429 497 comedunt
451 438 620 515 patrimonia
640 457 750 500 mensa.

41 522 147 582 Nullus
168 523 224 582 iam
246 522 389 600 parasitus
412 521 476 580 erit.
508 521 567 582 Sed
590 523 655 600 quis
676 522 752 582 ferat
774 523 845 584 istas

42 605 187 666 Luxuriae
211 602 337 666 sordes?
359 613 464 684 quanta
488 615 533 664 est
555 605 638 682 gula,
660 624 735 685 quae
759 604 814 665 sibi
836 617 913 669 totos

43 690 127 750 Ponit
147 706 253 768 apros,
276 689 379 748 animal
400 697 522 767 propter
544 690 677 750 convivia
696 689 805 749 natum!

42 775 141 834 Poena
162 782 258 833 tamen
279 791 438 851 praesens,
461 791 546 852 quum
568 781 597 831 tu
619 773 742 852 deponis
762 775 881 835 amictus

43 857 186 936 Turgidus
209 867 238 916 et
260 857 378 917 crudum
397 874 541 935 pavonem
562 857 590 914 iu
613 856 718 918 balnea
734 866 844 935 portas.

42 942 114 1002 Hinc
139 940 252 1002 subitae
274 949 383 1000 mortes
406 949 492 1019 atque
515 942 649 1001 intestata
672 951 823 1010 senectam

43 1025 79 1086 Et
99 1043 177 1086 nova
198 1043 254 1084 nec
276 1025 366 1084 tristis
390 1043 444 1103 per
467 1034 586 1084 cunctas
606 1025 704 1085 lahula
724 1042 833 1086 coenas

42 1109 164 1170 Ducitur
185 1110 265 1169 iratis
288 1108 481 1187 plaudendum
502 1109 586 1168 funus
609 1110 718 1169 amicis.

104 1191 154 1253 Nil
177 1194 231 1252 erit
250 1193 384 1269 ulterius,
407 1192 484 1271 quod
505 1194 613 1253 nostris
635 1193 764 1252 moribus
781 1194 866 1255 addat

43 1277 217 1344 Posteritae;
241 1277 344 1336 eadem
361 1278 470 1338 lacient
493 1280 668 1356 cupientque
691 1278 828 1337 minores.

44 1361 136 1421 Omne
158 1361 187 1419 in
207 1361 361 1439 praecipiti
382 1361 481 1420 vitium
503 1362 596 1430 stetit3
619 1371 703 1421 utere
724 1362 816 1437 velis,

45 1446 136 1506 Totos
159 1445 253 1523 pande
277 1443 370 1503 sinus!
405 1442 493 1504 Dices
512 1445 559 1505 lrio
582 1445 718 1505 forsitan:
741 1445 824 1506 Unde

43 1530 191 1608 Ingenium
213 1546 266 1607 par
285 1526 445 1588 materiae?
467 1529 542 1588 unde
564 1529 615 1588 illa
634 1529 762 1606 priorum

43 1612 198 1674 Scribendi
221 1612 423 1692 quodcumque
443 1613 536 1672 animo
559 1613 700 1688 flagrante
722 1611 829 1671 liberet

43 1697 240 1776 Simplicitas,
262 1696 343 1756 cuius
362 1711 420 1753 non
443 1695 537 1756 audeo
560 1696 660 1756 dicere
681 1691 810 1755 nornen?

43 1782 119 1856 Quid
140 1780 233 1840 refert
255 1780 339 1840 dictis
360 1779 493 1855 ignoscat
513 1778 625 1840 lluoius
648 1797 683 1839 an
701 1777 781 1839 non?

43 1867 122 1925 Pone
145 1863 333 1940 Tigellinum:
357 1863 443 1922 taeda
465 1862 580 1922 lucebis
600 1865 630 1922 in
650 1863 717 1938 illa,

43 1949 107 2022 Qua
132 1956 241 2008 stantes
263 1947 381 2020 ardent,
403 1947 451 2025 qui
475 1946 533 2005 lixo
556 1955 679 2026 pectore
701 1947 825 2021 fumant,

44 2032 81 2091 Et
102 2032 189 2092 latum
210 2031 305 2090 media
328 2030 437 2089 sulcum
461 2030 580 2090 deducis
602 2047 699 2090 arena.
722 2063 764 2072 -

45 2116 101 2190 Qui
123 2115 202 2176 dedit
224 2131 296 2191 ergo
317 2112 409 2172 trihus
431 2115 540 2192 patruis
564 2114 694 2189 aconita,
714 2112 836 2172 vehatur
984 2187 988 2196 ,

44 2198 208 2259 Pensilibus
231 2198 333 2277 plumis
355 2206 443 2275 atque
465 2197 544 2256 illinc
566 2197 710 2276 despiciet
730 2194 806 2256 nos?
829 2231 871 2244 -

45 2283 137 2356 Quum
154 2284 254 2342 veniet
276 2291 393 2356 contra,
418 2281 508 2358 digito
533 2298 689 2358 compesce
709 2279 865 2341 labellum:

44 2367 209 2427 Accusator
231 2366 285 2426 erit
307 2366 355 2444 qui
377 2365 500 2425 verbum
522 2365 641 2424 dixerit:
665 2364 712 2424 hic
735 2374 789 2424 est.

45 2452 173 2510 Securus
192 2450 262 2510 licet
281 2449 404 2510 Aenean
433 2448 625 2526 Rutulumque
645 2447 777 2508 ferocem

45 2533 229 2609 Committas,
248 2533 319 2592 nulli
340 2535 438 2611 mavis
460 2541 505 2592 est
526 2549 683 2611 percussus
705 2532 838 2592 Achilles

45 2618 101 2677 dut
119 2617 238 2677 multum
261 2619 410 2695 quaesitus
431 2615 520 2691 Hylas
543 2633 700 2694 urnamque
721 2625 853 2685 secutus;

45 2700 123 2761 Ense
143 2701 225 2761 velut
247 2703 348 2760 stricto
368 2701 482 2778 quoties
502 2699 628 2759 Lucilius
651 2700 757 2759 ardens
982 2709 1031 2762 165

45 2783 208 2861 infremuit,
231 2784 318 2843 rubet
340 2784 469 2857 auditor,
494 2785 539 2842 cui
561 2783 665 2860 frigida
686 2801 768 2840 mens
791 2791 836 2840 est

48 2865 235 2944 Criminibus,
259 2869 346 2928 tacita
369 2867 470 2926 sudant
489 2865 664 2945 praecordia
690 2865 785 2943 culpa.

47 2951 115 3011 lnde
137 2954 199 3011 irae
223 2959 253 3011 et
275 2951 422 3010 lacrimae.
463 2949 571 3009 'lecum
593 2949 674 3026 prins
698 2965 769 3025 ergo
790 2947 888 3006 voluta

46 3033 126 3095 llaec
150 3037 244 3096 anime
267 3043 332 3094 ante
351 3034 452 3102 tubas;
475 3033 620 3110 galeatum
644 3049 712 3091 sero
737 3031 826 3090 duelli

46 3117 187 3179 l’oenitet.
204 3151 246 3166 -α
266 3117 429 3197 Experiar,
456 3117 524 3196 quid
547 3115 725 3176 concedatur
744 3116 772 3173 in
796 3113 880 3191 illos,
982 3123 1034 3178 rto

48 3199 176 3274 Quorum
195 3199 334 3262 Flaminia
356 3202 463 3279 tegitur
487 3201 558 3259 cinis
580 3208 667 3277 atque
688 3198 796 3258 Latina.

447 3425 630 3436 -a--u
