2480 4006
239 267 258 326 2
569 277 603 323 n.
622 278 693 324 mn.
713 277 898 324 nuvnnnnrs

238 417 378 478 Patricios
400 433 501 475 omncs
524 415 629 492 opibus
652 433 736 493 quum
758 425 901 492 provocet
920 435 1009 490 nnus,

240 500 304 574 Quo
327 498 465 559 tondente
487 499 585 576 gravis
607 500 703 557 inveni
724 498 790 557 mihi
813 498 904 558 barba
926 500 1062 566 sonabat;
1191 509 1222 560 tt

222 583 332 656 ·anm
354 601 423 662 pars
444 581 576 642 Niliacae
602 581 715 660 plebis,
743 600 828 660 quum
849 599 938 642 verna
960 580 1072 662 Ganopi

241 665 406 746 Crispinus,
429 665 532 741 Tyrias
553 665 673 726 humero
697 674 855 725 revocante
878 665 1029 742 lacernas,

241 749 369 812 Ventilet
391 751 533 810 aestivum
554 749 650 826 digitis
673 748 841 808 sudantibus
863 767 979 824 aurum,
1002 758 1007 767 '

166 908 170 916 .
240 835 303 895 Nec
327 834 450 893 sufferre
472 841 559 911 queat
578 833 697 892 maioris
718 832 849 910 pondera
870 850 1017 909 gemmae:

238 917 367 978 Dillicile
391 925 437 976 est
458 916 575 975 satiram
593 933 651 974 non
673 915 815 975 scribere.
853 915 925 975 Nam
945 917 1009 994 qnis
1032 917 1147 994 iniquae
1191 927 1223 979 30

239 1001 309 1061 Tam
330 1001 444 1078 patiens
463 997 559 1075 urbis,
582 1007 639 1059 tarn
661 999 791 1075 ferrens,
816 1008 845 1058 ut
865 1008 965 1058 teneat
985 1017 1035 1074 se,

240 1082 386 1144 Causidici
407 1100 483 1142 nova
506 1100 591 1160 quum
613 1083 711 1142 veniat
732 1083 838 1143 lectica
859 1081 1001 1142 blathonis

238 1168 327 1229 Plena
349 1168 430 1245 ipso;
450 1175 519 1244 post
540 1166 616 1226 hunc
638 1168 733 1243 magni
755 1167 870 1227 delator
891 1168 974 1226 amici

238 1252 276 1312 Et
296 1253 354 1310 cito
376 1259 511 1329 rapturus
533 1250 570 1309 de
591 1249 741 1310 nobilitate
762 1267 880 1310 comesa

239 1335 324 1409 Quod
341 1343 489 1413 superest,
504 1352 590 1412 quern
601 1333 698 1394 blaesa
713 1335 803 1410 timet,
820 1352 905 1414 quem
921 1351 1039 1392 munere
1054 1333 1154 1412 palpat
1191 1343 1230 1397 35¹

239 1417 330 1478 Garns
353 1427 383 1478 et
405 1437 422 1479 a
441 1417 556 1495 trepido
580 1416 720 1493 'Phymele
743 1419 893 1477 summissa
913 1416 1027 1484 hatin0;

239 1507 331 1576 Quum
354 1511 383 1562 te
406 1511 621 1577 summoveant,
645 1503 693 1578 qni
714 1509 884 1561 testamenta
904 1509 1051 1559 merentur

240 1585 398 1662 Noctibus,
420 1587 449 1645 in
472 1585 587 1645 coelum
610 1602 683 1664 qnos
707 1584 804 1644 evehit
826 1585 933 1663 optima
957 1585 1056 1642 summi

239 1669 320 1730 Nunc
340 1671 386 1729 via
406 1685 581 1747 processus,
604 1668 720 1729 vetulae
741 1669 840 1728 vesica
859 1664 984 1728 beatae?

239 1752 390 1812 Unciolam
411 1751 581 1810 Proculeius
603 1751 707 1826 habet,
731 1752 784 1810 sed
807 1750 884 1811 Gillo
907 1751 1063 1827 deuncem,
1192 1762 1224 1815 40

237 1836 340 1896 Partes
364 1836 488 1914 quisque
511 1851 595 1908 suae,
619 1833 655 1893 ad
676 1852 839 1894 mensnram
860 1835 985 1912 inguinis
1004 1834 1102 1896 heres.

237 1918 372 1997 Accipiat
394 1936 464 1978 sane
487 1917 653 1978 mercedem
674 1919 822 1995 sanguinis
846 1927 875 1978 et
897 1919 940 1978 sic
1053 1969 1055 1974 .

237 2003 368 2078 Palleat,
391 2011 422 2062 nt
441 2002 523 2062 nudis
547 2003 656 2080 pressit
675 2003 723 2081 qni
746 2001 875 2062 calcibus
898 2020 1038 2080 anguem,

238 2087 296 2147 Ant
316 2085 538 2162 Lugdunensem
559 2085 660 2145 rhetor
681 2086 808 2146 dicturus
830 2087 866 2147 ad
889 2086 981 2147 aram!

238 2169 313 2242 Quid
335 2169 476 2244 referam,
500 2177 606 2247 quanta
628 2169 737 2229 siccum
758 2171 839 2230 iecnr
856 2171 957 2231 ardeat
977 2171 1034 2244 ira,
1193 2179 1223 2232 ts

238 2252 331 2326 Quum
347 2252 486 2330 populum
506 2251 646 2328 gregibus
669 2255 803 2313 comitum
825 2256 929 2333 premit
948 2254 995 2314 hic
1018 2251 1163 2332 spoliator

236 2335 342 2413 Popilli
365 2337 537 2413 prostantis,
562 2343 592 2394 et
612 2335 660 2396 hic
683 2336 829 2398 damnatus
851 2340 927 2399 inani

236 2418 346 2478 Indicio
371 2418 454 2497 (qnid
478 2421 552 2478 enim
573 2419 663 2480 salvis
686 2421 800 2482 inlamia
822 2419 978 2501 cummisi)

236 2497 312 2561 Exul
344 2503 380 2562 ab
409 2511 513 2563 octava
534 2501 641 2563 llarins
660 2503 732 2564 bibit
754 2514 784 2565 et
805 2507 906 2566 fruitur
929 2505 971 2564 dis

235 2585 334 2645 lratis:
357 2595 386 2645 at
406 2595 436 2645 tu
455 2587 560 2647 victrix
581 2590 731 2666 provincia
753 2590 869 2668 ploras!
1193 2599 1225 2650 50

234 2667 317 2729 llaec
338 2686 395 2747 ego
418 2687 476 2729 non
495 2670 612 2731 credam
632 2671 779 2733 Venusina
800 2673 885 2750 digna
901 2667 1042 2732 lucerna?

235 2752 317 2814 llaec
338 2770 395 2832 ego
418 2771 475 2814 non
496 2752 624 2834 agitem?
648 2757 701 2816 sed
720 2755 786 2834 quid
808 2759 900 2833 magis
921 2754 1090 2830 Heracleas,

235 2836 293 2897 hut
315 2836 509 2914 Diomedeas,
534 2849 581 2899 ant
604 2842 740 2916 mugitum
773 2839 926 2914 labyrinthi

235 2920 273 2981 Et
293 2939 373 2982 mare
395 2941 567 3001 percussum
588 2940 681 3001 puero
701 2922 871 3000 labrumque
892 2921 1053 2995 volantem,

236 3005 329 3078 Quum
351 3005 420 3067 leno
440 3008 565 3085 accipiat
585 3006 701 3066 moechi
722 3005 813 3080 bona,
835 3008 860 3064 si
883 3004 1015 3082 capiendi
1193 3019 1223 3070 55

234 3087 282 3148 lus
305 3089 414 3150 nnllam
437 3092 537 3165 uxori,
561 3089 663 3149 doctus
686 3097 824 3166 spectare
847 3089 981 3162 lacunar,

233 3172 347 3232 Doctus
368 3172 455 3233 etad
477 3172 599 3232 calicem
622 3171 752 3248 vigilanti
774 3179 901 3231 stertere
919 3187 1006 3238 naso:

234 3254 328 3328 Quum
350 3255 394 3315 las
415 3272 483 3314 esse
502 3263 586 3332 putet
607 3273 704 3314 curam
725 3272 846 3333 sperare
870 3254 1016 3330 cohortis,

235 3338 290 3410 Qui
312 3336 389 3397 bona
413 3337 531 3398 donavit
552 3338 745 3417 praesepibus
767 3346 797 3399 et
819 3349 900 3400 caret
921 3339 996 3399 omni

232 3417 372 3479 llaiorum
395 3439 503 3498 censu,
527 3421 593 3483 dnm
615 3423 751 3500 pervolat
773 3441 828 3484 axe
850 3424 938 3484 citato
1192 3433 1220 3487 60

232 3500 398 3564 Flaminiam
419 3522 493 3583 puer
514 3505 713 3578 Automedon;
733 3525 797 3569 nam
819 3509 881 3570 lora
902 3508 1021 3568 tenebat
