2460 4004
216 319 256 382 84
536 329 572 375 n.
594 327 665 376 rurv.
688 326 877 375 ruvunanrs

217 469 293 545 Quid
315 469 423 528 sentire
441 476 525 546 putas
548 484 666 541 omnes,
688 462 825 541 Calvina,
848 464 961 524 recenti
1188 480 1199 529 a

215 554 261 614 De
284 552 400 614 scelere
424 561 453 611 et
473 551 540 611 fidei
562 550 689 610 violatae
712 545 851 609 crimine?
874 549 1003 608 seduco

216 638 286 699 Tam
305 637 400 696 tenuis
423 653 528 695 census
546 634 597 694 tibi
620 634 757 711 contigit,
779 641 810 692 ut
832 631 989 692 mediocris

215 722 347 782 iacturae
366 729 396 779 te
419 727 531 796 mergat
553 736 641 793 onus,
664 735 720 777 nec
736 735 801 776 rara
822 716 965 792 videmus,

217 805 299 879 Quae
321 804 446 882 pateris;
470 821 555 862 casus
574 801 670 861 multis
692 801 740 861 hic
763 801 896 878 cognitus
919 818 954 860 ac
976 800 1031 860 iam

216 889 312 948 Tritos
335 897 364 947 et
387 886 520 946 emedio
544 885 676 946 fortunae
699 884 801 944 ductus
821 901 940 945 acervo.
1175 897 1199 946 to

216 973 357 1032 Ponamus
377 971 480 1030 nimios
501 970 640 1046 gemitum
662 968 832 1047 flagrantior
851 985 946 1047 aequo

215 1055 281 1115 Non
303 1053 391 1114 debet
411 1052 496 1113 dolor
518 1070 585 1112 esse
603 1053 675 1128 viri,
699 1071 755 1112 nec
770 1053 891 1114 vulnere
910 1051 1010 1112 maior.

216 1138 259 1200 Tu
279 1137 409 1217 quamvis
430 1136 537 1197 levium
556 1137 697 1196 minimam
720 1138 911 1214 exiguamque
934 1135 1074 1194 malorum

215 1221 389 1283 Particulam
407 1222 457 1280 vix
478 1220 556 1280 lerre
579 1229 682 1298 potes,
706 1218 903 1298 spumantibus
925 1219 1031 1280 ardens

215 1304 405 1380 Visceribus,
427 1322 540 1365 sacrum
559 1303 611 1364 tibi
632 1301 718 1383 quod
732 1321 790 1364 non
810 1303 914 1364 reddat
936 1305 1045 1364 amicus
1175 1315 1197 1364 tt

216 1389 399 1468 Depositum.
440 1389 545 1467 Stupet
563 1387 654 1465 haec,
678 1389 725 1468 qui
741 1389 797 1448 iam
817 1396 885 1466 post
904 1395 988 1464 terga
1010 1387 1134 1468 reliquit

217 1473 375 1550 Sexaginta
397 1489 506 1547 annos,
530 1471 651 1532 Fonteio
675 1472 795 1533 consule
817 1479 915 1531 natus:

217 1557 263 1618 An
284 1555 355 1616 nihil
375 1557 404 1616 in
425 1556 528 1617 melius
549 1565 593 1617 tot
613 1575 710 1616 rerum
732 1555 848 1634 prolicit
867 1551 943 1614 usu?

217 1641 321 1719 lllagna
342 1640 473 1718 quidem,
498 1641 589 1700 sacris
612 1658 686 1718 quae
704 1640 757 1716 dat¹
775 1646 935 1718 praecepta
957 1637 1078 1715 libellis,

216 1725 329 1784 Victrix
349 1724 482 1783 fortunae
502 1725 658 1801 sapientia;
682 1723 811 1783 ducimus
832 1731 927 1782 autem
1173 1732 1197 1783 to

216 1808 277 1868 llos
299 1823 416 1886 quoque
437 1807 558 1882 lelioes,
582 1808 630 1886 qui
651 1807 731 1866 ierre
752 1805 934 1866 incommoda
956 1807 1034 1866 vitae
1226 1813 1227 1817 ’

220 1890 281 1952 Nec
299 1893 407 1952 iactare
428 1891 524 1968 iugum
545 1892 604 1951 vita
625 1891 755 1951 didicere
775 1892 921 1969 magistra.

219 1975 300 2050 Quae
323 1984 380 2035 tam
401 1974 477 2034 festa
499 1975 578 2051 dies,
602 1983 633 2034 ut
653 1983 752 2034 cesset
777 1975 905 2053 prodere
925 1973 1029 2048 furem,

217 2058 386 2134 Perfidiam,
411 2057 547 2134 fraudes,
567 2067 654 2137 atque
676 2059 752 2118 omni
773 2077 811 2118 ex
833 2059 951 2118 crimine
974 2057 1086 2117 lucrum
1226 2107 1227 2134 ,

218 2142 387 2216 Quaesitum
405 2150 434 2200 et
457 2150 557 2219 partos
579 2142 677 2219 gladio
699 2142 748 2201 vel
770 2141 878 2221 pyxide
899 2137 1052 2202 nummos?
1173 2149 1199 2202 tt
1226 2135 1227 2140 ’

217 2225 287 2285 llari
312 2226 420 2303 quippe
444 2223 528 2300 boni,
551 2243 670 2285 numero
689 2227 739 2284 vix
761 2235 826 2285 sunt
846 2226 965 2286 totidem
987 2233 1060 2304 quot

218 2307 382 2368 Thebarum
399 2316 502 2386 portae
523 2308 573 2368 vel
590 2309 686 2368 divitis
708 2311 783 2368 ostia
804 2307 871 2369 Nili.

217 2391 300 2452 Nona
324 2399 404 2451 aetas
426 2393 521 2468 agitur
541 2391 702 2470 peioraque
725 2393 825 2453 secula
847 2392 919 2452 ferri

218 2474 425 2552 Temporibus,
449 2492 570 2552 quorum
591 2476 699 2535 sceleri
722 2493 779 2536 non
796 2477 905 2536 invenit
927 2476 990 2555 ipsa

217 2558 330 2619 Nomen
352 2567 381 2618 et
402 2577 418 2618 a
437 2558 517 2617 nullo
537 2561 633 2638 posuit
647 2567 746 2620 natura
765 2560 898 2628 metallo;
1177 2569 1202 2619 3⁰

217 2641 279 2703 Nos
300 2641 443 2702 hominum
465 2642 618 2722 divumque
640 2643 726 2704 fidem
749 2644 876 2704 clamore
901 2644 1020 2718 olemus,

219 2726 332 2800 Quanto
354 2724 518 2786 Faesidium
540 2727 637 2789 laudat
653 2728 765 2788 vocalis
784 2736 919 2805 agentem

219 2810 366 2890 Sportula.
406 2811 477 2886 Dic,
498 2813 597 2871 senior
618 2811 697 2872 bulla
719 2813 906 2888 dignissime,
929 2809 1062 2886 nescis„

220 2894 298 2968 Quas
320 2893 427 2955 habeat
445 2913 571 2955 veneres
594 2895 688 2956 aliena
709 2891 855 2974 pecunia?
876 2896 995 2969 nescis„

220 2977 312 3051 Quem
332 2987 380 3038 tua
403 2979 572 3058 simplicitas
594 2981 682 3038 risum
702 2979 792 3056 vulgo
814 2987 946 3053 moveat,
970 2994 1056 3055 quum
1176 2985 1203 3039 55

218 3060 320 3138 Exigis
340 3079 356 3120 a
380 3079 540 3141 quoquam,
563 3080 600 3121 ne
622 3065 737 3141 peieret
755 3072 785 3122 et
804 3071 886 3141 putet
907 3061 973 3122 ullis

219 3143 294 3204 lisso
316 3145 432 3225 aliquod
455 3165 560 3205 numen
580 3147 696 3225 templis
719 3165 846 3227 araeque
867 3141 1003 3205 rubenti?

219 3227 370 3302 Quondam
393 3229 450 3288 hoc
471 3229 625 3306 indigenae
646 3229 783 3290 vivebant
804 3247 904 3306 more,
926 3229 1095 3306 priusquam

219 3313 354 3372 Sumeret
372 3321 519 3389 agrestem
539 3313 635 3391 posito
655 3313 816 3373 diademate
836 3313 943 3373 falcem

219 3397 359 3456 Saturnus
381 3396 512 3472 fugiens,
535 3405 619 3473 tuno,
643 3415 728 3476 quum
749 3396 919 3475 virguncula
941 3395 1012 3456 luno
1179 3405 1206 3457 to

219 3479 257 3540 llt
278 3481 406 3558 privatus
430 3478 523 3540 adhuc
545 3480 640 3540 Idaeis
662 3481 794 3559 luppiter
815 3482 922 3556 antris,

218 3561 305 3623 Nulla
328 3579 417 3641 super
438 3562 531 3624 nubes
553 3566 685 3624 convivia
706 3563 924 3640 coelicolarum,
