2480 4006
217 261 257 324 32
561 275 596 320 D.
620 273 691 320 111.
716 274 903 322 1111111111

216 416 286 477 lndc
306 415 388 474 laces
408 413 524 488 ardent,
546 413 664 473 veniunt
681 432 697 472 a
717 413 784 472 dote
809 415 942 490 sagittae.

216 499 347 560 Libertas
371 498 488 558 emitur:
513 513 611 557 coram
632 496 811 557 licetinnuat
833 506 921 574 atque
1155 514 1208 568 ,140

217 581 387 656 Rescribat,
410 582 496 642 vidua
518 589 580 656 est,
604 579 739 658 locuples
762 597 836 659 quae
859 582 957 660 nupsit
978 600 1076 644 avaro.

217 665 275 727 Gur
300 665 447 726 desiderio
469 664 590 724 Bibulae
613 664 759 724 Sertorius
784 661 888 723 ardet?

217 753 247 812 Si
271 767 373 809 uerum
395 749 542 824 excutias,
566 748 675 823 lacios,
702 763 760 806 non
782 764 855 807 uxor
877 759 994 809 amatur.

217 835 290 894 Tres
314 851 404 910 rugae
429 831 567 907 subeant,
591 839 620 890 ct
642 849 676 890 se
700 832 773 890 cutis
794 832 874 892 arida
896 833 985 910 laxet,

216 918 299 980 Fiant
321 916 438 976 obscuri
460 915 561 974 dentes
585 914 721 993 oculique
746 916 889 974 minores:
1157 931 1205 983 145

217 1000 333 1077 (lolligo
355 999 532 1072 sarcinulas,
556 999 634 1058 dicet
655 999 793 1074 libertus,
815 1007 844 1058 et
866 1002 914 1059 cxl

218 1085 288 1164 [lam
310 1085 408 1160 gravis
432 1101 464 1142 es
486 1081 570 1140 nobis
593 1091 622 1141 et
644 1101 735 1160 saepe
759 1086 939 1160 emungeris;
964 1086 1023 1164 exi]

217 1167 304 1228 Ocius
328 1176 357 1226 et
373 1184 516 1245 propera:
540 1166 620 1224 sicco
643 1168 723 1226 venit
746 1166 838 1228 altera
861 1185 942 1227 naso.

215 1252 331 1312 interca
354 1251 431 1310 calet
454 1259 483 1309 et
505 1258 608 1326 regnat
635 1251 789 1328 poscitque
814 1253 944 1312 maritum

215 1336 352 1398 Pastores
376 1343 406 1394 11
428 1351 513 1394 ovem
538 1331 709 1394 Canusinam
730 1335 884 1413 ulmosque
906 1334 1046 1396 Falernas
1070 1371 1111 1383 -
1159 1350 1207 1400 150

217 1418 389 1492 Quantulum
412 1418 487 1478 enim
510 1413 589 1476 boo?
613 1435 722 1495 pueros
745 1436 862 1494 omnes,
888 1421 1035 1497 ergastula
1058 1430 1132 1487 tota:

216 1501 359 1580 Quodque
383 1502 459 1562 domi
482 1511 623 1577 nonest,
646 1501 698 1561 sed
722 1501 810 1562 habet
830 1505 959 1580 uicinus,
984 1513 1103 1564 ematur.

215 1586 316 1646 diense
339 1585 454 1664 quidem
476 1585 610 1660 brumae,
635 1605 721 1664 quum
743 1581 964 1647 lam'mcroator
985 1587 1071 1648 lason

216 1668 339 1730 Clausus
366 1679 395 1730 et
417 1671 532 1730 armatis
557 1669 654 1729 obstat
675 1689 743 1731 oasa
765 1669 885 1732 candida
909 1673 1012 1748 nautis,

216 1752 339 1813 Grandia
361 1752 501 1814 tolluntur
525 1754 710 1830 crystallina,
732 1757 854 1814 maxima
876 1774 975 1815 rursus
1154 1768 1206 1818 155

216 1834 362 1912 Murrina,
403 1837 507 1897 deinde
531 1837 646 1898 adamas
667 1839 833 1899 notissimus
857 1847 886 1898 et
907 1839 1067 1900 Beronices

216 1918 246 1981 ln
268 1921 358 1999 digito
379 1920 473 1981 lactus
499 1921 686 2000 [pretiosior:
708 1921 783 1982 hunc
806 1922 884 1984 dedit
908 1923 976 1983 olim

216 2004 358 2065 barbarus
381 2005 543 2084 incestael,
568 2006 647 2066 dedit
669 2005 744 2066 hunc
764 2005 897 2086 Agrippa
919 2010 1026 2083 sorori,

216 2088 381 2148 Observant
401 2088 450 2148 ubi
471 2090 546 2149 leste
568 2107 649 2149 mcro
675 2091 750 2168 pede
772 2091 891 2152 sabbata
912 2109 1012 2168 reges,

215 2171 252 2232 Et
273 2180 358 2231 uetus
381 2172 511 2250 indulget
532 2172 649 2233 senibus
671 2173 824 2234 clementia
846 2176 953 2252 porcis.
1156 2187 1205 2240 160

258 2253 381 2315 Nullane
405 2257 441 2316 de
465 2258 549 2317 tantis
574 2255 714 2333 gregibus
740 2257 790 2316 tibi
813 2258 899 2334 digna
921 2254 1055 2315 videtur?
1224 2265 1225 2272 ’

215 2340 258 2398 Sit
280 2338 424 2416 formosa,
450 2342 577 2416 decens,
603 2339 703 2414 dives,
725 2339 865 2416 fecunda,
889 2348 1022 2399 uetustos

215 2423 377 2484 Porticibus
400 2424 535 2502 disponat
560 2440 647 2498 avos,
675 2424 809 2482 intactior
834 2424 911 2482 omni

216 2505 348 2566 Crinibus
366 2507 466 2568 effusis
490 2507 599 2566 bellum
622 2507 772 2566 dirimente
794 2505 911 2582 Sabina,

215 2591 291 2651 Rara
313 2592 374 2650 avis
399 2593 427 2650 in
449 2592 535 2650 terris
556 2591 699 2667 nigroque
721 2589 864 2651 simillima
887 2609 995 2666 cycno:
1155 2607 1204 2658 165

216 2675 287 2748 Quis
309 2675 385 2734 ieret
407 2691 543 2743 uxorem,
570 2674 615 2732 cui
640 2682 774 2732 constant
800 2672 913 2735 omnia?
936 2676 1023 2750 malo,

215 2756 292 2817 lilalo
314 2757 506 2833 Venusinam,
529 2773 614 2834 quam
637 2765 682 2832 tc,
705 2754 842 2818 Cornelia
863 2769 954 2820 mater

216 2841 429 2914 Gracchorum,
455 2841 480 2899 si
506 2857 570 2899 cum
591 2842 702 2918 magnis
724 2842 877 2902 uirtutibus
900 2845 987 2904 111111

216 2923 329 2984 Grande
345 2922 534 3002 supercilium
559 2933 588 2982 et
608 2943 741 2985 numeras
763 2927 791 2985 in
813 2927 882 2987 dote
904 2927 1074 3007 triumphos.

216 3008 301 3068 Tolle
318 3016 411 3081 tuum,
432 3023 555 3084 precor,
574 3006 762 3070 Hannibalem
780 3011 945 3092 victumque
966 3013 1129 3092 Syphacem
1155 3025 1202 3078 170

215 3091 389 3165 incastris,
415 3099 444 3148 et
469 3109 533 3151 oum
554 3101 614 3152 tota
638 3093 814 3173 Cartbagine
838 3097 944 3175 migra!

215 3174 322 3249 Parce,
346 3190 471 3252 precor,
492 3176 604 3252 Paean,
630 3187 659 3237 et
680 3188 725 3254 tu,
750 3180 820 3256 dea,
842 3199 919 3260 pone
937 3182 1074 3258 sagittas:

216 3253 260 3318 Nil
284 3259 367 3334 pueri
390 3258 512 3334 iaciunt,
537 3262 628 3339 ipsam
650 3263 786 3341 conligite
808 3265 943 3325 matrem!

218 3339 359 3418 Amphion
383 3342 502 3403 clamat:
528 3345 579 3406 sed
603 3346 698 3406 Paean
721 3348 863 3408 contrabit
886 3367 992 3409 arcum.

215 3423 326 3484 Extulit
351 3444 423 3504 ergo
447 3447 557 3507 greges
578 3440 708 3490 natorum
729 3434 881 3511 ipsumque
903 3441 1063 3510 parentem,
1154 3441 1200 3496 171

143 3516 147 3524 ’
215 3507 287 3567 Dum
312 3509 368 3570 sibi
392 3511 517 3574 nobilior
539 3514 665 3576 Latonae
688 3525 776 3591 gente
798 3517 911 3577 videtur
