2480 4006
414 289 538 336 suanm
560 291 620 338 vn.

29 428 164 489 Omnibus
187 437 215 487 et
238 429 347 488 crescit
367 428 455 487 multa
478 429 615 489 damnosa
636 447 765 508 papyr03

27 516 74 574 Sic
97 514 200 588 ingens
221 530 317 571 rerum
338 530 473 570 numerus
495 512 573 572 iubet
596 521 681 590 atque
707 531 826 592 operum
848 514 906 575 lex.

27 597 108 670 Quae
133 605 227 655 tamen
248 596 314 655 inde
339 593 448 672 seges?
471 603 567 655 terrae
586 599 650 674 quis
671 597 783 656 fructus
806 597 949 675 apertae?

26 681 96 754 Quis
119 679 197 739 dabit
216 679 372 755 historico,
395 687 528 757 quantum
550 680 633 740 daret
655 689 720 740 acta
742 679 875 758 legenti?

24 763 126 823 -Sed
146 779 238 840 genus
258 765 408 839 ignavum,
432 763 511 841 quod
533 763 611 822 lecto
633 763 741 840 gaudet
764 773 792 824 et
814 765 1013 829 umbra—105

25 848 79 907 Dic
102 848 208 925 igitur,
232 847 301 926 quid
323 846 476 906 causidicis
497 847 593 906 civilia
613 857 764 924 praestent

25 931 127 991 Ollinia
150 940 179 990 et
200 948 304 1007 magno
329 932 449 989 comites
473 932 501 989 in
522 931 603 991 lasce
625 929 741 990 libelli?

24 1015 81 1092 lpsi
102 1033 207 1092 magna
228 1023 347 1089 sonant,
367 1013 421 1074 sed
442 1023 514 1089 tum,
544 1033 630 1093 quum
653 1016 781 1076 creditor
803 1018 891 1093 audit,

24 1099 203 1177 Praecipue,
225 1099 273 1158 vel
296 1100 320 1158 si
343 1099 436 1175 tetigit
453 1097 527 1157 letus
550 1101 646 1160 acrior
666 1099 730 1178 illo,

25 1181 78 1254 Qut
99 1184 181 1242 venit
200 1182 235 1242 ad
255 1182 370 1242 dubium
392 1182 493 1258 grandi
516 1201 580 1243 cum
602 1185 706 1245 codice
729 1203 843 1246 nomen.
962 1199 1014 1250 110

25 1265 102 1327 Tunc
125 1268 263 1327 immensa
283 1267 346 1326 cavi
369 1267 478 1345 spirant
498 1268 648 1328 mendacia
671 1269 759 1328 lolles

26 1347 256 1430 Conspuiturque
278 1352 372 1410 sinus:
392 1368 490 1409 veram
514 1352 697 1428 deprendere
719 1370 844 1411 messem

25 1436 52 1494 Si
75 1435 164 1507 libet,
187 1434 253 1493 hinc
275 1443 389 1493 centum
412 1435 581 1510 patrimonia
600 1435 822 1509 causidicorum,

24 1517 105 1577 Parte
130 1517 187 1577 alia
209 1517 302 1576 solum
322 1518 427 1576 russati
449 1534 525 1593 pone
541 1516 699 1576 Lacernae.

25 1600 194 1660 Consedere
217 1600 322 1659 duces:
345 1601 440 1676 surgis
463 1608 492 1658 tu
516 1599 639 1676 pallidus
659 1599 744 1676 Aiax,
962 1613 1011 1664 115

23 1683 157 1744 Dicturus
180 1682 264 1743 dultia
284 1701 337 1761 pro
359 1683 510 1758 libertate,
531 1682 658 1742 bubulco

23 1765 129 1828 ludice.
173 1766 285 1844 Rumpe
306 1769 394 1827 miser
415 1777 527 1826 tensum
550 1767 646 1842 iecur,
668 1776 698 1826 ut
719 1767 770 1826 tibi
792 1767 870 1828 lasso

24 1849 160 1928 ligantur
182 1851 307 1926 virides,
331 1850 474 1910 scalarum
496 1851 607 1928 gloria,
629 1850 756 1927 palmae;

26 1933 107 2006 Quod
130 1936 214 1994 vocis
235 1931 376 2012 pretium?
400 1935 495 1993 siccus
515 1931 720 2010 petasunculus
745 1941 774 1990 et
795 1951 846 1991 vas

25 2016 225 2092 Pelamydum,
248 2025 295 2074 aut
317 2025 451 2090 veteres,
471 2015 635 2074 Maurorum
658 2013 810 2091 epimenia,
832 2015 923 2096 bulbi,
958 2027 1009 2078 120

25 2100 77 2161 Aut
99 2102 197 2159 vinum
219 2098 317 2158 'liberi
339 2099 508 2174 devectum,
532 2098 658 2176 quinque
681 2097 814 2173 lagonae.

26 2185 52 2242 st
74 2193 180 2263 quater
201 2183 304 2259 egisti,
328 2184 352 2242 si
375 2183 494 2259 contigit
516 2199 621 2242 aureus
642 2199 724 2256 unns,

25 2265 90 2327 lnde
115 2266 220 2327 cadunt
242 2275 340 2344 partes
362 2284 399 2325 ex
418 2265 541 2325 foedere
563 2266 815 2343 pragmaticorum.

25 2350 148 2412 Aemilio
171 2349 284 2410 dabitur
306 2359 439 2429 quantum
462 2349 545 2424 licet,
569 2358 597 2408 et
618 2349 721 2410 melius
738 2366 792 2409 nos

25 2431 157 2510 ligimus:
182 2433 265 2494 huius
285 2435 358 2494 enirn
380 2443 436 2493 stat
459 2451 559 2492 currus
582 2451 707 2509 aeneus,
731 2433 781 2493 alti
957 2443 1007 2494 111

26 2516 216 2594 Quadriiugos
235 2519 264 2577 in
283 2517 450 2592 vestibulis,
475 2526 560 2595 atque
584 2519 647 2596 ipse
669 2518 763 2577 feroci

25 2598 171 2662 Bellatore
193 2601 299 2661 sedens
322 2610 467 2661 curvatum
487 2601 591 2661 hastile
610 2603 731 2661 minatur

26 2681 141 2744 liminns
164 2694 192 2744 et
215 2694 306 2744 statua
328 2685 479 2744 meditatur
498 2685 611 2762 proelia
631 2685 720 2744 lusca.

27 2768 73 2826 Sic
93 2767 174 2828 Pedo
199 2767 364 2843 conturbat,
388 2766 484 2826 llatho
508 2768 620 2835 delicit:
645 2767 740 2826 exitus
758 2765 806 2825 1111
826 2775 871 2824 est

28 2848 173 2929 Tongilii,
195 2869 299 2929 magno
323 2869 387 2911 cum
408 2851 593 2910 rhinocerote
617 2850 708 2909 lavari
957 2856 1009 2908 130

28 2933 80 3005 Qut
104 2934 181 2994 solet
204 2944 232 2995 et
255 2943 343 2995 vexat
364 2934 502 2994 lutulenta
520 2934 625 2994 balnea
646 2931 729 2992 turba

28 3015 139 3096 Perque
161 3019 253 3078 lorum
275 3021 394 3078 iuvenes
416 3018 505 3093 longo
528 3017 632 3095 premit
653 3033 753 3075 assere
776 3012 907 3089 Maedos,

29 3097 180 3180 llnpturus
203 3121 328 3180 pueros,
349 3109 513 3177 argentum,
548 3101 689 3178 murrina,
716 3097 816 3167 villas;

30 3183 159 3260 Spondet
182 3187 256 3246 enim
280 3185 369 3260 'lyrio
392 3184 532 3244 stlattaria
554 3201 679 3262 purpura
700 3181 760 3241 lllo.

30 3262 64 3325 Et
83 3278 179 3329 tamen
201 3278 247 3329 est
266 3270 323 3328 illis
342 3267 398 3328 ho'c
420 3268 504 3335 utile:
529 3285 654 3346 purpura
674 3265 773 3326 vendit
960 3275 1010 3328 135

32 3345 228 3428 Causidicum,
248 3353 373 3412 vendunt
395 3351 597 3426 amethystina;
621 3351 756 3411 convenit
780 3348 838 3411 illis

32 3428 65 3491 Et
84 3437 206 3514 strepitu
226 3446 256 3496 et
277 3437 353 3496 lacie
372 3436 487 3494 maioris
508 3437 609 3495 vivere
630 3452 745 3494 census.

33 3515 86 3578 Sed
108 3519 194 3579 linem
215 3521 362 3598 impensae
386 3536 444 3578 non
464 3527 560 3578 servat
577 3517 702 3596 prodiga
723 3516 825 3576 Roma.

69 3623 123 3664 tuv.
145 3623 206 3662 sur.
793 3609 811 3659 1
