2460 4004
407 292 532 338 §aalma
553 293 623 340 XIV.

25 430 117 509 Fregit
139 447 228 509 opes;
250 449 306 490 nec
325 447 414 510 parua
436 439 532 490 tamen
552 448 686 490 mensura
707 430 829 494 relictae

24 515 108 574 Partis
133 523 209 574 erat:
233 522 322 574 totam
341 514 417 575 banc
438 513 563 574 turbavit
585 514 659 574 lilius
687 531 795 591 amens,

25 598 90 658 Dum
112 598 234 658 meliore
256 614 347 657 novas
371 596 477 658 attollit
496 615 639 656 marmore
658 597 754 658 villas.
968 611 1002 664 95

61 681 181 756 Quidam
203 683 298 741 sortiti
319 690 495 742 metuentem
517 679 638 741 sabbata
658 690 771 759 patrem

22 766 63 824 Nil
85 774 203 844 praeter
225 764 317 825 uubes
339 775 368 824 01
390 764 467 825 coeli
488 781 593 824 uumen
615 765 746 842 adorant,

20 849 78 908 Nec
100 852 210 912 distare
232 857 334 928 putant
354 849 475 908 bumana
499 865 587 908 carne
609 849 734 923 suillam,

20 932 78 1004 Qua
97 942 184 1011 pater
201 932 352 1014 abstinuit;
374 950 443 992 mox
464 941 493 992 et
514 934 666 1011 praeputia
688 943 807 1011 ponunt.

19 1015 161 1076 llomauas
184 1025 279 1076 autem
301 1016 380 1076 soliti
403 1025 588 1076 contemnere
608 1016 694 1094 leges
953 1031 1003 1082 100

19 1099 162 1160 ludaieum
184 1099 317 1160 ediscunt
338 1108 368 1158 et
387 1108 505 1159 servaut
526 1117 561 1160 ao
580 1109 709 1160 metuunt
730 1102 785 1178 ius,
802 1127 805 1132 ·

19 1183 145 1244 Tradidit
164 1199 270 1244 arcano
298 1183 502 1263 quodcumque
523 1182 670 1244 volumine
692 1183 802 1261 bloses,

18 1265 79 1326 Nou
101 1276 267 1327 monstrare
289 1269 351 1328 vias
375 1267 477 1328 eadem
498 1267 553 1326 nisi
575 1285 659 1328 sacra
679 1268 799 1344 colenti,

18 1349 186 1423 Quaesitum
207 1351 243 1411 ad
262 1351 372 1412 iontem
395 1350 477 1411 soloe
496 1350 643 1411 deducere
664 1369 784 1430 verpost

18 1435 72 1494 Sed
94 1443 181 1514 pater
203 1436 231 1494 in
254 1451 357 1510 causa,
380 1437 426 1494 cui
448 1435 572 1512 septima
595 1453 730 1513 quaeque
752 1435 805 1495 1011
833 1435 883 1495 lux
953 1447 1003 1498 105

17 1515 123 1594 lguava
145 1527 175 1578 et
196 1527 308 1596 partem
329 1519 407 1577 vitae
428 1533 486 1576 uon
510 1519 604 1594 attigit
624 1517 723 1578 ullam.
761 1576 762 1580 ,

57 1604 172 1680 Sponte
194 1611 290 1661 101000
315 1603 436 1666 iuvenes
458 1601 602 1660 imitantur
624 1609 737 1660 cetera:
759 1600 852 1660 solam

17 1683 99 1745 luviti
124 1702 242 1765 quoque
265 1686 413 1745 avaritiam
440 1702 584 1744 exercere
608 1684 752 1745 iubentur.

16 1767 102 1830 Fallit
129 1771 203 1828 enim
229 1771 327 1830 vitium
350 1769 452 1848 specie
473 1769 586 1829 virtutis
610 1767 770 1844 obumbra,

17 1851 110 1924 Quum
134 1855 171 1912 sit
192 1855 274 1912 triste
296 1853 395 1914 babitu
416 1853 556 1930 vultuque
580 1863 609 1915 et
631 1862 716 1912 veste
738 1871 872 1912 severum
954 1865 1004 1914 110

15 1931 77 1996 Nec
106 1934 194 1994 dubie
216 1945 359 2012 tamquam
382 1937 459 2012 frugi
480 1935 612 1995 laudetur
632 1953 747 2010 avarus,

14 2017 175 2094 l'amquam
196 2035 302 2094 pareus
327 2017 413 2076 bomo
437 2027 467 2076 et
487 2035 583 2094 rerqm
605 2017 695 2076 tutela
718 2035 831 2076 suarum
942 2061 943 2064 ,

37 2109 106 2160 erta
129 2100 238 2176 magis,
261 2117 346 2178 quam
369 2101 394 2158 si
416 2100 545 2160 fortunas
563 2109 662 2160 servet
684 2100 801 2160 easdem

9 2201 11 2248 ε
37 2181 212 2262 esperidum
236 2200 359 2262 serpens
383 2192 432 2242 aut
453 2181 599 2244 Ponticus.
636 2183 720 2244 Adde
744 2183 821 2262 quod
843 2183 935 2260 bunc,
967 2183 1003 2244 de

15 2269 80 2342 Quo
104 2266 230 2344 loquor,
258 2269 409 2344 egregium
429 2266 555 2345 populus
577 2277 658 2346 putat
679 2269 846 2347 adquirendi
953 2279 1003 2331 115

16 2351 184 2418 Artificem
208 2351 316 2430 quippe
338 2351 382 2410 bis
401 2359 537 2410 crescunt
555 2354 725 2431 patrimonia
746 2352 844 2413 labris.

17 2435 75 2495 Sed
100 2443 238 2493 creseunt
260 2451 444 2514 quocumque
467 2435 569 2511 modo,
593 2437 760 2516 maioraque
782 2437 852 2497 flunt

17 2517 127 2578 lncude
149 2517 265 2578 assidua
287 2536 464 2597 semperque
490 2519 610 2580 ardente
637 2523 758 2584 camino.

18 2600 53 2661 Et
74 2609 162 2680 pater
185 2618 257 2678 ergo
281 2603 366 2662 animi
393 2603 497 2662 lellees
522 2602 614 2663 credit
639 2622 760 2674 avaros;

20 2684 72 2757 Qui
95 2685 215 2743 miratur
237 2701 329 2762 opes,
359 2687 407 2763 qui
426 2685 503 2744 nulla
525 2687 660 2764 exempla
681 2687 760 2748 beati
954 2696 1005 2749 110

20 2767 158 2846 Pauperis
183 2785 251 2828 esse
274 2778 371 2846 putat,
399 2771 520 2829 iuvenes
542 2769 688 2847 hortatur,
711 2781 741 2830 ut
761 2769 838 2830 illam

21 2849 63 2911 lre
85 2853 162 2911 viam
183 2861 307 2928 pergant
328 2862 362 2912 et.
379 2853 474 2912 eidem
494 2853 662 2913 incumbere
685 2863 797 2914 sectae.

23 2935 89 2994 Sunt
111 2935 254 3014 quaedam
275 2937 409 2995 vitiorum
432 2936 590 2997 elementa:
613 2937 658 2996 bis
679 2938 810 3015 protinus
834 2936 903 2998 illos

22 3015 120 3078 lmbuit
144 3027 174 3078 et
199 3021 279 3095 cogit
301 3021 430 3079 minimas
452 3020 586 3080 ediscere
608 3021 723 3096 sordes,

23 3098 86 3160 blox
108 3100 281 3179 adquirendi
304 3103 392 3164 docet
413 3103 577 3164 insatiabile
600 3113 708 3164 votum.
954 3114 1004 3166 125

26 3184 179 3246 Servorum
200 3194 317 3245 ventres
339 3187 437 3247 modio
460 3189 584 3264 castigat
604 3189 712 3265 iniquo,

25 3264 85 3344 lpse
106 3285 227 3348 quoque
244 3271 389 3339 esuriens:
409 3289 505 3349 nequa
529 3273 603 3330 enim
623 3273 716 3330 omnia
733 3271 855 3331 sustinet
872 3288 1003 3350 umquam

25 3347 131 3412 blucida
155 3353 283 3412 caerulei
305 3355 387 3432 panis
412 3371 582 3414 consumere
606 3355 709 3431 frusta,

26 3431 192 3496 Hesternum
215 3437 318 3513 solitus
340 3439 436 3498 medio
458 3456 578 3499 seruare
599 3439 716 3498 minutal

27 3517 202 3596 Septembri,
227 3538 282 3580 nec
305 3538 363 3580 nou
388 3521 506 3582 differre
528 3523 844 3602 in·remp0raeoeuae
952 3530 1003 3584 lau
