2480 4006
446 275 653 323 PRAEFATIO.
975 278 1039 325 xlx

57 416 530 488 anet.encod.Vatic.l'.lll‚p.xv111
546 420 709 492 insrgnissima
719 420 828 489 exempla
845 418 956 487 exhibet,
975 421 1039 476 eirca

58 516 109 557 sec.
123 500 156 556 Vl
165 501 203 556 uel
212 500 254 556 vll
271 501 360 572 duplex
382 503 507 558 satirarum
524 503 632 558 recensio
649 502 779 570 sumserit,
801 518 901 574 quarum
915 504 1038 559 alterama

59 584 188 640 christiano
202 583 301 640 homine
318 591 390 656 atquae
405 586 567 642 ecclesiastico
580 587 669 642 iactam
684 601 737 642 ose
747 587 874 642 manifesto
884 585 935 644 Sat
947 586 1038 643 illvm

59 675 202 741 argumento
214 675 321 736 constat,
334 669 376 724 chi
386 685 430 740 pro
441 670 689 726 mwloerbomrcrcor
702 671 727 726 in
742 671 862 741 plerisque
872 669 939 725 libris
948 670 1038 742 legitur

59 751 207 808 mune
222 769 320 826 napata,
339 753 467 820 nimirum,
486 753 549 825 quod
560 759 616 824 post
626 754 679 810 Nic.
690 753 823 826 Rigaltium
834 754 906 809 docte
917 753 1038 808 annotavit

59 835 88 890 ll.
104 835 132 892 G.
145 837 265 892 Weberus
275 837 400 892 hulmedo,
416 837 445 891 ad
456 836 537 892 lurcn.
549 835 620 894 Satir.
633 837 681 892 len.
695 842 771 898 1810.
788 840 819 902 8.
837 852 862 906 p.
875 841 925 904 87,
938 839 1037 890 σπῖλον

58 916 106 973 eod
116 912 223 990 ὅντωα,
235 934 296 991 qrrae
305 911 332 976 S.
342 919 410 975 Pauli
419 921 490 974 uerba
502 920 532 976 ad
542 919 629 990 Epheso
640 920 667 977 V.
678 925 712 979 27
725 935 755 974 ex
765 921 838 976 latina
846 921 953 976 eiusdem
964 922 1037 975 inter·

59 1004 193 1074 pretatione
203 1005 341 1059 memoriter
348 1004 378 1059 ad
385 1003 520 1060 quenalem
529 1003 607 1059 homo
613 1003 761 1059 semidoctus
771 1004 906 1066 transtulit;
917 1004 1036 1060 eiusdem·

58 1103 104 1158 quo
113 1101 213 1142 manum
228 1101 271 1157 per
282 1101 366 1142 omnes
380 1087 451 1142 liuius
465 1087 539 1142 libros
556 1088 580 1142 in
591 1087 653 1158 disp.
666 1087 697 1143 de
710 1087 833 1144 codicibus
843 1087 961 1143 luvenalis
970 1093 1036 1142 recte

57 1171 221 1226 existimandis
230 1169 297 1226 Lect.
310 1169 666 1242 Gott.uest.184⁷prsemissa
681 1177 719 1226 tot
729 1171 839 1227 locorum
854 1171 948 1226 indiciis
968 1185 1037 1225 coar·

57 1255 141 1326 guisse
150 1254 209 1308 mihi
218 1253 314 1321 videor,
326 1261 354 1309 ut
364 1254 478 1324 plurimas
488 1254 710 1328 insignissimasquc
720 1257 860 1323 verimatas,
872 1255 959 1326 qnibus
969 1253 1037 1311 codi-

57 1351 98 1392 ses
108 1339 185 1393 nostri
196 1338 258 1392 inter
268 1353 295 1393 se
304 1338 451 1408 discrepant,
464 1353 514 1394 non
523 1339 553 1395 ad
563 1339 675 1396 fortuitas
684 1339 813 1396 uerbomm
824 1339 980 1409 corruptelas,
993 1336 1035 1393 sed

57 1422 88 1478 ad
105 1421 261 1476 deliberatam
282 1428 369 1492 poetae
385 1423 593 1493 interpolationem
605 1424 695 1479 releme
709 1423 789 1478 liceat.
819 1422 912 1478 hcduo
924 1421 1034 1477 codicum

57 1519 156 1578 genera,
167 1519 270 1577 quorum
280 1506 381 1562 alterum
392 1507 514 1578 integrum
524 1508 575 1563 iere
583 1509 637 1564 solo
647 1507 779 1562 Pithoeeno
790 1511 915 1568 cernatur,
934 1505 1035 1559 alterum

58 1595 198 1659 cormptum
206 1589 312 1661 reliquos
322 1604 398 1660 paene
416 1605 499 1645 omnes
515 1591 712 1662 comprehendat,
730 1590 778 1645 iam
789 1587 818 1646 0.
831 1587 928 1644 Iahnius
938 1587 968 1642 ad
978 1585 1035 1641 Per·

56 1673 120 1728 sium
130 1688 156 1744 p.
168 1688 251 1730 cxxvi
262 1673 384 1729 luculento
395 1672 445 1731 Sat
461 1673 544 1734 litat
555 1675 666 1746 exemplo
676 1675 797 1737 distinxbe
808 1673 873 1730 idem
883 1685 940 1727 uero
951 1669 1039 1726 discri-

56 1772 112 1812 men
128 1771 171 1827 per
180 1757 295 1827 plurimas
305 1757 455 1830 singularum
471 1760 597 1816 satiramm
612 1760 728 1816 lectiones
744 1758 914 1830 investigatum
925 1754 1035 1828 1111111

56 1841 96 1895 illa
104 1841 266 1911 disputatione
275 1841 306 1897 ad
316 1855 445 1914 eamquam
456 1843 505 1898 dixi
515 1844 723 1914 interpolationem
733 1842 850 1908 reuocari,
862 1840 950 1895 tumin
961 1839 1036 1894 altera

56 1925 86 1979 do
95 1923 250 1980 Scholiomm
260 1925 289 1982 sd
299 1925 434 1981 iuvenalem
445 1941 535 1998 genere
545 1927 663 1982 deteriore
674 1924 806 1980 indicendis
816 1924 883 1977 beot.
895 1928 954 1975 aest.
966 1924 1035 1978 1849
1130 1979 1133 1988 ,

55 2008 148 2076 scripta
164 2022 193 2062 eo
206 2024 282 2080 usquc
291 2018 431 2079 persecutns
441 2025 508 2076 sum,
525 2016 554 2065 ut
563 2010 720 2079 interpretum
735 2020 830 2078 quoque
846 2003 920 2060 medii
937 2004 988 2059 acui
999 2003 1036 2057 in·

56 2091 147 2161 epdas,
164 2106 264 2162 quamam
279 2099 304 2147 et
314 2092 409 2148 lahnius
419 2093 476 2149 ibid.
496 2108 522 2162 p.
534 2109 598 2148 cxvr
614 2091 799 2162 etSchopenius
814 2088 935 2160 iuProgr.
948 2086 1034 2159 Gymn.

55 2174 190 2230 bonnensis
202 2179 268 2234 1847
280 2177 410 2246 specimina
420 2192 434 2231 c
443 2175 642 2232 bibliothecarum
651 2176 749 2232 latebris
759 2176 937 2247 produxerunt,
949 2172 979 2228 ad
994 2172 1036 2227 dc

56 2259 169 2314 teriorem
186 2259 252 2312 illam
270 2260 435 2315 recensionem
453 2265 563 2330 spectare
584 2259 916 2322 demonstrarem3·omnibus
933 2256 1036 2327 denique

55 2341 188 2398 rationibus
204 2339 328 2397 subductis
344 2343 410 2398 uelut
423 2343 542 2414 duplicem
559 2344 694 2399 quenalem
705 2349 811 2401 statuere
820 2343 916 2406 licebit,
933 2341 1035 2396 alterum

54 2427 202 2497 genuinum,
219 2425 263 2480 sed
279 2427 347 2480 cuins
363 2427 440 2481 forma
455 2434 481 2482 et
496 2429 625 2484 auctoritas
642 2443 673 2483 ex
681 2441 731 2484 111
741 2427 833 2494 codice,
845 2440 917 2498 quem
927 2439 975 2496 ego
986 2422 1035 2478 Bru·

54 2510 170 2572 deusone,
181 2507 278 2564 Iahnius
288 2507 446 2566 pithoeanum
457 2512 597 2582 appellauit,
609 2518 635 2566 et
644 2512 777 2583 antiquiore
787 2509 934 2566 scholiomm
944 2521 1035 2580 genere

53 2593 91 2647 rel
103 2591 234 2646 Pithocano
252 2592 290 2647 uel
305 2591 455 2665 Sangallensi
472 2601 526 2650 tuto
547 2595 664 2666 cognosci
678 2596 766 2666 possit,
786 2595 888 2650 alterum
908 2590 1034 2661 multiplici

53 2677 142 2730 ueteris
152 2676 296 2732 correctoris
307 2676 402 2732 licentia
412 2677 584 2744 deformatum,
605 2693 678 2750 quem
687 2673 1034 2733 tamenmediiaeuihomines

54 2759 114 2814 adeo
124 2759 204 2815 solum
215 2768 390 2832 cognorerunt,
401 2767 429 2816 ut
440 2762 553 2833 quidquid
561 2763 673 2817 codicum
683 2768 777 2830 praeter
783 2773 859 2814 urorum
869 2758 937 2812 illum
946 2756 1034 2811 habea·

53 2857 122 2906 mus‚
134 2843 166 2898 ad
175 2841 249 2898 huius
258 2845 396 2915 exemplum
406 2844 551 2914 descriptum
562 2851 586 2900 et
597 2849 758 2915 propagatum
768 2856 821 2896 esse
836 2840 951 2895 uideatur.
981 2837 1034 2901 Qua

53 2926 78 2979 in
89 2927 209 2982 metentis
223 2941 273 2982 non
289 2926 337 2983 hoc
352 2928 419 2992 dico,
437 2929 542 2999 reliquos
552 2928 648 2983 codices
661 2932 686 2980 et
700 2927 766 2996 ipsos
775 2924 846 2978 unius
855 2927 949 2976 tantum
959 2921 1034 2976 instar

53 3023 196 3081 essedoque
206 3010 269 3068 inter
279 3025 400 3066 serursus
409 3012 492 3066 multis
508 3013 651 3083 magnisque
667 3007 820 3063 rademtibus
831 3005 941 3067 differre:
957 3007 1033 3062 immo

52 3093 140 3149 homm
150 3108 248 3166 qnoque
264 3100 290 3150 et
300 3095 403 3149 11111111
413 3094 520 3150 bonitate
535 3095 604 3150 ualde
621 3094 728 3149 diuersae
744 3096 839 3146 exstent
855 3097 880 3146 et
894 3090 986 3161 singuli
997 3090 1033 3146 in-

52 3177 149 3249 signem
159 3173 311 3233 lihrario'mm
325 3177 449 3233 audaciam
460 3179 552 3249 experti
566 3184 638 3243 sunt,
657 3176 725 3232 cuius
740 3173 845 3230 notabile
861 3174 1032 3230 documentum

52 3259 256 3333 Vsesenmeyems
266 3262 384 3334 inProgr.
394 3261 578 3321 lllmensi1793
588 3260 732 3331 publicaue
743 3273 789 3314 nec
799 3257 904 3314 uicissim
915 3258 1033 3328 optimmn

53 3345 164 3402 codicem
176 3346 300 3400 communi
311 3345 423 3401 omnibus
433 3345 622 3416 corruptelarum
640 3345 677 3399 uel
695 3343 911 3400 additamentorum
927 3340 981 3396 labe
992 3355 1033 3395 ca·

51 3443 104 3484 rere
121 3435 146 3484 et
162 3443 218 3484 mea
236 3436 261 3484 et
277 3430 378 3485 aliomm
395 3428 536 3484 emendandi
553 3428 678 3483 conamina
695 3421 968 3497 libereproiessa'sunt;
986 3423 1032 3495 ipsi

51 3519 132 3568 hmen
144 3513 288 3568 emendandi
298 3513 400 3585 negotio
411 3528 485 3583 quum
495 3512 556 3568 brec
566 3518 660 3566 tantum
670 3512 736 3583 optio
748 3512 802 3567 dats
812 3509 859 3577 sit,
869 3515 949 3564 utrum
960 3506 991 3562 ab
1002 3520 1031 3562 eo

51 3595 167 3654 librorum
178 3611 269 3668 genere
279 3597 452 3668 proficiscatur,
468 3597 494 3651 in
504 3611 552 3668 quo
561 3611 692 3668 numquam
702 3611 751 3651 uon
760 3591 936 3714 interpolatoris
947 3603 1032 3645 ocurr-

787 3679 803 3734 h
