2480 4006
435 267 559 316 SATIRA
581 267 626 315 vt.

28 407 213 485 Praecipuus
236 413 332 465 tamen
355 414 401 465 est
422 406 539 482 horum,
563 409 611 484 qui
632 408 750 485 saepius
772 407 850 485 exul,

29 489 139 570 [Cuius
162 489 286 549 amicitia
312 489 559 567 conducendaque
583 489 690 550 tabella

27 573 156 650 llagnus
179 574 250 633 civis
273 571 335 636 obit
356 581 386 632 et
407 573 575 633 formidatus
600 571 728 650 Othoni]

27 657 102 718 lndc
126 657 199 716 lides
223 657 310 730 artis,
336 657 432 715 sonuit
455 659 479 716 si
502 657 623 716 dextera
645 657 725 716 lerro
972 670 1023 724 560

27 741 205 822 laevaque,
228 741 253 798 si
275 739 364 817 longo
387 749 547 800 castrorum
568 743 597 800 in
621 757 742 800 carcerc
764 743 875 800 mansit.

28 823 126 883 Nemo
151 823 367 884 mathematicus
390 825 507 901 genium
532 825 710 884 indemnatus
728 822 864 883 habebit:

29 908 90 967 Sed
114 909 164 986 qui
187 925 280 986 paene
304 909 397 986 perit,
420 910 465 967 cui
487 909 536 967 vix
557 910 585 968 in
610 907 739 982 Cyclada
762 908 834 966 mitti

30 988 164 1068 Contigit
186 1000 215 1050 et
236 1009 326 1070 parva
347 991 462 1052 tandem
484 993 612 1052 caruisse
636 990 771 1068 Seripho,

30 1073 167 1133 Consulit
189 1075 329 1135 ictericae
350 1074 429 1135 lcnto
453 1076 489 1136 de
512 1075 614 1135 funere
635 1075 744 1150 matris,
971 1085 1021 1138 565

28 1157 105 1216 Ante
129 1166 226 1218 tamen
249 1159 286 1218 de
309 1168 338 1218 tc
361 1157 501 1237 Tanaquil
523 1169 587 1236 tua,
612 1157 726 1238 quaudo
752 1173 885 1216 sororem
1011 1148 1021 1164 “

29 1239 144 1301 Ellerat
168 1249 197 1300 et
221 1251 356 1320 patruos,
380 1260 416 1302 an
438 1246 475 1302 sit
496 1244 625 1303 victurus
648 1241 762 1302 adulter

29 1323 100 1384 Post
121 1325 230 1402 ipsam;
255 1327 323 1404 quid
344 1327 419 1386 enim
441 1329 531 1388 maius
554 1328 624 1387 darc
645 1325 757 1384 numina
780 1322 923 1402 possunt?

69 1407 156 1468 llaec
176 1417 271 1468 tamen
293 1411 425 1488 ignorat,
449 1411 518 1488 quid
541 1411 619 1470 sidus
641 1411 724 1468 triste
747 1409 870 1468 minetur

30 1492 164 1568 Saturni,
189 1509 246 1571 quo
270 1493 347 1553 lacta
367 1493 466 1552 Venus
489 1513 521 1553 se
544 1495 675 1572 prolerat
697 1501 788 1568 astro,
969 1503 1022 1558 570

31 1573 83 1647 Qui
105 1578 218 1634 mensis
243 1577 367 1653 damnis,
393 1595 466 1655 quae
489 1577 591 1637 dentur
613 1586 745 1655 tempora
767 1575 865 1641 lucro;

29 1655 109 1718 lllius
135 1677 278 1720 occursus
303 1662 388 1720 etiarn
410 1663 503 1720 vitare
527 1670 681 1736 memento,

29 1738 59 1798 ln
83 1745 169 1802 cuius
192 1744 320 1804 manibus
344 1763 399 1804 ceu
421 1747 538 1824 pinguia
562 1747 679 1805 succina
701 1745 783 1802 tritas

32 1821 132 1886 Cernis
158 1827 378 1905 ephemeridas,
403 1847 477 1907 quac
500 1830 609 1889 nullum
631 1827 757 1888 consulit
780 1836 809 1886 et
831 1831 886 1888 iam

31 1904 214 1985 consulitur,
242 1929 316 1988 quae
340 1921 434 1972 castra
456 1914 723 1990 viropatriamqua
746 1919 865 1986 petente
966 1921 1018 1975 575

31 1989 90 2052 Non
115 1992 172 2052 ibit
194 1995 321 2070 pariter,
348 1997 479 2054 numeris
496 2003 635 2054 revocata
659 1991 813 2066 Thrasylli.

31 2073 71 2135 nd
95 2077 222 2154 primurn
243 2076 370 2156 lapidem
391 2080 502 2138 vectari
524 2097 609 2156 quum
631 2077 745 2156 placet,
771 2074 842 2134 bora

32 2159 157 2219 Sumitur
182 2178 220 2219 ex
241 2160 333 2230 libro;
357 2162 382 2220 si
404 2162 496 2240 prurit
515 2163 615 2222 irictus
638 2159 728 2220 ocelli

32 2240 178 2319 Angulus,
201 2244 334 2322 inspecta
355 2247 459 2322 genesi
483 2246 604 2320 collyria
625 2246 731 2322 poscit.

33 2323 127 2402 Aegra
150 2326 220 2386 licet
243 2329 353 2406 iaceat,
382 2330 525 2407 capiendo
546 2329 624 2388 nulla
645 2329 759 2388 videtur
967 2339 1021 2392 580

32 2406 133 2484 Aptior
160 2410 232 2472 bora
257 2410 338 2488 cibo,
362 2413 418 2472 nisi
441 2431 524 2490 quam
548 2413 663 2472 dederit
687 2410 836 2470 Petosiris.

32 2489 60 2546 Si
80 2493 239 2554 mediocris
262 2496 334 2570 erit,
358 2497 481 2575 spatium
503 2495 635 2556 lustrabit
656 2497 798 2572 utrimque

33 2569 169 2636 bletarum
192 2587 222 2637 et
247 2588 342 2638 sortes
366 2580 452 2640 ducet
474 2580 658 2658 frontemque
679 2595 851 2656 manumque

33 2653 186 2720 Praebebit
205 2663 264 2722 rati
286 2662 420 2722 crebrum
442 2679 604 2740 poppysma
627 2663 751 2738 roganti.

35 2736 172 2803 Divitibus
197 2763 341 2824 responsa
364 2746 471 2807 dabunt
492 2744 589 2820 Phryx
611 2763 702 2821 augur
725 2754 753 2803 et
774 2743 887 2819 ludus,¹
967 2754 1019 2807 585

36 2817 197 2888 Conductus
222 2828 300 2889 dabit
323 2838 464 2888 astrorum
486 2829 640 2906 mundique
661 2829 782 2905 peritus,

36 2903 125 2984 litque
148 2909 254 2990 aliquis
276 2913 391 2988 senior,
416 2913 464 2990 qui
488 2911 605 2991 publica
628 2911 743 2987 fulgura
764 2909 877 2968 condit:

37 2983 177 3053 Plebeium
197 2996 226 3054 in
249 2995 329 3054 circo
352 2997 477 3074 positum
498 3004 543 3055 est
564 3003 593 3055 et
615 2995 643 3052 in
664 3009 775 3071 aggere
799 2992 897 3051 latum.

38 3067 111 3138 Quae
133 3077 215 3137 nudis
237 3077 354 3155 longum
377 3079 503 3139 ostendit
524 3077 689 3138 cervicibus
712 3093 829 3150 armum,
966 3142 968 3146 y

40 3148 162 3220 Consulit
185 3170 250 3221 ante
271 3161 346 3222 lalas
370 3162 627 3241 delphinorumque
650 3161 810 3234 columnas,
966 3171 1018 3224 590

40 3233 79 3294 dn
99 3259 166 3320 saga
189 3245 326 3305 vendenti
350 3246 452 3323 nubat,
477 3263 609 3324 caupone
634 3245 751 3305 relicto.
1041 3256 1044 3264 '

75 3318 132 3384 llae
154 3336 250 3388 tamen
274 3337 303 3388 et
326 3340 424 3408 partus
448 3329 572 3389 subeunt
596 3329 752 3390 discrimen
774 3336 803 3386 et
825 3341 925 3386 omnes

41 3396 157 3469 Nutricis
180 3411 307 3472 tolerant
327 3414 440 3473 fortuna
461 3421 584 3491 urgente
606 3413 740 3476 labores:

42 3481 92 3546 Sed
113 3491 187 3554 iacet
207 3505 308 3556 aurato
334 3498 383 3556 vix
404 3497 462 3557 ulla
485 3515 632 3576 puerpera
655 3497 744 3556 lecto.
