2480 4006
211 257 272 304 xv1
594 253 802 300 PRAEFATIO.

208 369 378 472 quemcunque
394 397 503 453 nobilem
519 397 623 452 volueris
641 399 764 452 revolvens
779 398 809 453 ad
819 397 978 453 humilitatem
995 407 1149 468 peruenturum
1159 405 1190 458 sis

210 485 248 550 (1.
258 484 441 551 noe-275).
475 479 548 536 Nono
566 480 638 535 satira
654 482 678 534 in
696 481 810 552 colloquii
829 482 931 536 formam
951 482 1067 551 disposita
1084 491 1132 549 est,
1152 487 1190 542 ubi

209 567 330 624 Naevolus
349 565 486 620 aluuenale
504 571 602 636 propter
613 565 736 620 tristitiam
756 571 781 620 et
793 565 930 636 squalorem
946 565 1111 635 interpellatus
1127 568 1189 636 (1.1

211 679 249 691 -
260 653 308 720 16)
320 651 344 704 in
355 649 456 704 divitum
469 648 623 704 cinaedornm
634 649 756 704 avaritiam
767 648 892 713 invehitur,
906 649 946 720 qni
956 649 1050 706 miseris
1061 652 1190 717 clientibus,

209 751 270 807 quos
288 734 318 788 ad
335 733 465 788 muliebres
475 733 610 802 uoluptates
623 732 751 802 explendas
763 732 936 798 conduxerint,
954 749 985 787 nc
995 735 1129 790 mercedem
1142 737 1192 807 qui·

209 819 265 874 dem
276 817 382 873 debitam
392 817 486 872 solvere
496 817 628 887 dignentur
639 816 676 882 (1.
691 817 770 873 11-
780 817 859 885 101),
871 822 942 885 poeta
953 831 1009 872 vero
1020 818 1124 873 vicissim
1135 820 1192 874 isto·

209 917 264 956 mm
274 901 400 956 bominum
416 899 590 970 turpitudinem
602 907 674 971 atque
686 899 859 969 impudentiam
871 900 989 971 castigat.
1007 903 1048 973 qni
1058 902 1112 957 talis
1122 918 1193 973 quae-

208 993 261 1040 stus
279 984 402 1039 insamiam
420 984 485 1038 sicca
503 984 583 1038 ironte
606 983 763 1054 profiteantur
780 983 815 1048 (1.
834 986 1019 1053 lot—lom:
1037 1000 1098 1057 quae
1114 993 1192 1042 tameo

210 1068 290 1124 omnia
297 1068 358 1122 licet
364 1067 465 1122 eandem
472 1067 500 1122 ad
507 1066 697 1138 indignationem
703 1067 843 1138 dirigantur,
849 1082 921 1138 qnam
928 1074 1022 1122 ceterae
1028 1068 1146 1124 Iuvenalis
1156 1087 1183 1124 sa

212 1153 273 1207 tirao
280 1152 381 1223 spirant,
388 1151 521 1206 baecuelut
531 1150 771 1223 conugioncinseota
777 1151 1003 1222 argumentisordes
1010 1158 1075 1208 tanta
1082 1154 1194 1208 orationis

211 1237 364 1292 obscenitate
380 1242 466 1306 aequat
476 1234 652 1306 verborumque
667 1234 800 1290 nuditatem
811 1241 860 1289 tam
876 1234 990 1290 tenuibus
1006 1236 1063 1292 artis
1074 1236 1194 1292 coloribus

208 1321 286 1385 velat,
305 1325 334 1374 ut
345 1318 517 1374 accuratiorem
528 1319 702 1374 enarrationem
712 1333 759 1372 non
771 1319 848 1388 pudor
858 1318 937 1390 magis
948 1335 1019 1390 quam
1029 1320 1080 1390 ipsa
1091 1334 1194 1376 oecono-

211 1404 275 1458 miae
284 1402 376 1458 mditas
387 1401 508 1458 excludat.

295 1485 373 1541 Multo
390 1492 415 1540 et
432 1485 525 1557 gratior
543 1495 569 1539 et
588 1485 682 1540 doctior
697 1485 779 1558 quarti
795 1485 849 1540 libri
863 1488 978 1542 seueritas
989 1493 1036 1550 est,
1050 1485 1092 1542 nbi
1103 1487 1193 1544 moiun

209 1571 282 1626 satira
292 1570 444 1625 decantatam
454 1569 479 1624 in
490 1568 688 1639 philosophomm
698 1568 765 1624 libris
776 1575 888 1624 uotorum
898 1569 1058 1626 humanomm
1065 1571 1193 1626 vanitatem

209 1655 284 1726 longa
296 1654 462 1723 exemplomm
473 1653 535 1707 serie
544 1653 577 1707 ita
590 1653 707 1717 illustrat,
719 1659 747 1708 nt
757 1653 853 1708 easdem
863 1669 908 1719 res,
921 1655 1063 1727 quaevnlgo
1075 1655 1193 1710 bonomm

209 1752 303 1793 summa
314 1736 461 1801 habeantur,
480 1737 596 1806 ancipites
610 1736 715 1808 ipsisque
733 1737 872 1806 optantibus
887 1738 1033 1808 perniciosas
1044 1753 1097 1793 esse
1107 1739 1194 1794 doceat

210 1822 246 1887 (1.
258 1828 273 1880 1
284 1823 396 1890 -11);
413 1820 477 1892 quod
487 1826 614 1891 postquam
625 1821 729 1890 primum
739 1821 872 1876 divitiarum
889 1829 1033 1893 argumento
1044 1822 1192 1878 adumbravit

211 1907 246 1972 (1.
259 1908 412 1975 11-17),
432 1905 522 1975 priscas
533 1903 665 1959 Democriti
681 1911 706 1958 et
717 1904 828 1960 Heracliti
840 1906 993 1960 auctoritates
1010 1911 1096 1961 testata
1108 1905 1144 1972 (1.
1157 1912 1192 1965 18

212 2018 248 2028 -
256 1992 305 2059 55)
325 1989 430 2060 quinque
447 1988 552 2043 manime
562 1994 674 2044 votomm
685 2002 788 2060 genera,
803 2004 850 2061 quo
866 1989 937 2045 altius
948 1996 1087 2062 assurgant,
1100 2004 1129 2045 eo
1141 2005 1192 2044 me-

210 2075 260 2128 lora
274 2073 385 2128 iortnnae
395 2072 496 2127 ludibria
508 2072 647 2141 permittere
657 2073 819 2140 demonstrat,
830 2075 962 2143 potentiam
974 2075 1009 2140 (1.
1022 2077 1107 2131 56-
1115 2077 1190 2142 113),

210 2156 371 2226 eloquentiam
383 2153 419 2221 (1.
433 2159 485 2213 114
494 2183 530 2193 —
538 2157 620 2225 132),
631 2155 688 2211 belli
698 2155 802 2228 gloriam
813 2156 850 2222 (1.
861 2163 914 2216 133
923 2185 959 2194 -
967 2159 1040 2225 187),
1053 2157 1192 2211 111111111-

211 2253 268 2311 gam
279 2239 315 2305 (v.
328 2243 380 2297 188
389 2265 425 2277 —
434 2241 508 2308 288),
521 2239 722 2308 pulchritudinem
735 2239 771 2306 (1.
784 2243 836 2298 189
845 2267 881 2278 -
890 2241 970 2308 345);
988 2240 1091 2311 denique
1101 2241 1122 2294 si
1133 2241 1192 2311 quid

209 2323 301 2377 homini
318 2322 450 2391 optandum
467 2337 520 2378 esse
530 2322 651 2390 videntur,
667 2324 744 2378 solam
753 2323 902 2392 prudentiam
914 2323 1038 2393 relinquit,
1055 2338 1128 2394 quam
1139 2323 1193 2392 ipse

209 2405 255 2460 sibi
266 2406 323 2460 dare
332 2407 409 2474 possit
420 2406 455 2472 (1.
467 2410 636 2476 eoo—366).
657 2405 800 2462 Undecimoe
810 2420 905 2477 quoqne
915 2406 1001 2460 satirae
1012 2413 1093 2471 tenor,
1105 2421 1192 2477 quana

210 2490 246 2543 vis
260 2489 358 2559 propius
369 2490 397 2544 ad
413 2491 487 2546 vitam
498 2491 660 2562 quotidianam
671 2489 780 2554 accedat,
793 2503 823 2543 eo
834 2495 915 2543 temen
925 2505 938 2544 a
949 2489 1112 2559 superioribus
1122 2490 1192 2545 libris

211 2573 379 2644 distinguitur,
397 2574 461 2646 quod
472 2589 527 2629 cunr
538 2574 608 2630 solita
618 2588 782 2643 perversorum
794 2573 928 2628 studiorum
939 2573 1048 2628 irrisione
1060 2573 1193 2629 iucundam
1233 2591 1234 2596 ¹

210 2672 281 2714 sanae
291 2671 320 2712 ae
328 2655 423 2714 sobriae
432 2659 496 2713 vitoe
506 2658 637 2728 imaginem
651 2656 777 2727 coniungit
790 2655 948 2727 Persenque,
960 2672 1031 2728 quem
1044 2657 1194 2729 Megalesio-

211 2755 264 2797 mm
276 2741 315 2796 die
324 2741 386 2797 lesto
397 2743 427 2798 ad
440 2742 554 2796 mmdcam
565 2754 665 2795 coenam
675 2739 770 2804 invitat,
787 2746 843 2810 post
852 2740 950 2796 brevem
961 2741 1195 2812 intempestivaeln·

210 2826 293 2880 xnriae
302 2825 511 2896 reprehensionem
523 2824 559 2891 (1.
572 2830 633 2881 1-
642 2825 690 2892 55)
702 2823 821 2894 ingenuae
831 2823 976 2895 fmgalitatis
986 2824 1125 2894 exemplum
1136 2839 1196 2893 pro-

210 2911 290 2980 ponit,
309 2926 356 2982 quo
373 2925 428 2965 enm
446 2914 561 2978 perpetua
583 2907 735 2978 antiquorum
758 2921 854 2962 momm
877 2907 1054 2976 comparatione
1069 2907 1196 2976 descripto

211 2993 414 3063 (1.56-161)
432 2991 477 3046 sub
487 2990 559 3046 finem
571 2989 668 3044 demum
686 2990 715 3044 ad
731 2991 866 3061 voluptates
883 2989 1018 3060 aequalium
1038 2989 1075 3054 (1.
1090 2992 1144 3045 162
1154 3016 1195 3029 -

212 3079 276 3146 180)
287 3091 407 3147 uanosque
416 3089 486 3129 curos
496 3073 572 3141 redit,
584 3087 643 3144 quas
654 3074 756 3129 amicum
769 3074 832 3144 apud
841 3088 868 3128 se
878 3073 997 3143 deponere
1007 3071 1074 3126 iubet
1090 3070 1126 3138 (v.
1142 3074 1197 3130 181

212 3145 339 3229 ῑ-208);
357 3157 488 3228 similisque
505 3157 655 3213 duodecim
672 3157 777 3214 conditio
791 3165 839 3222 cst,
858 3157 927 3211 cuins
938 3171 1012 3226 quum
1022 3153 1126 3225 plurima
1138 3169 1200 3224 pars

211 3243 236 3297 in
247 3241 396 3310 tempestatis
407 3241 512 3296 marinae
522 3241 683 3312 descriptione
698 3248 815 3306 versetur,
835 3241 898 3296 unde
909 3239 1031 3296 familiaris
1048 3243 1137 3309 poetae
1149 3237 1200 3294 Ca·

211 3324 286 3379 tullus
297 3325 337 3379 vin
347 3338 432 3394 sospes
441 3323 537 3380 redierit
548 3325 584 3393 (1.
599 3330 631 3384 15
640 3328 741 3397 -81),
752 3326 839 3382 satirae
849 3324 942 3380 indoles
952 3324 976 3379 in
987 3323 1017 3378 iis
1027 3328 1123 3378 tantum
1134 3322 1200 3376 locis

213 3406 331 3472 comitur,
348 3408 390 3463 nbi
405 3407 522 3464 luvenalis
538 3409 695 3466 voluntarium
706 3410 777 3466 amici
788 3412 905 3467 iacturam
916 3409 1017 3464 aliomm
1027 3406 1142 3463 auaritiae
1153 3422 1200 3476 op-

212 3488 280 3560 ponit
296 3489 333 3557 (1.
346 3495 379 3550 37
389 3518 426 3532 -
435 3497 498 3563 58),
517 3500 542 3548 et
558 3493 599 3548 ubi
614 3510 685 3550 snum
701 3495 859 3560 sacrificinm,
876 3509 924 3566 quo
939 3493 1003 3548 illins
1014 3491 1120 3547 reditum
1132 3489 1200 3544 cele-

213 3571 283 3627 brare
299 3580 367 3644 parat
382 3575 569 3649 (1.1-14),
587 3577 617 3633 ab
636 3580 768 3637 sorbitiosis
784 3587 934 3652 caplatorum
952 3577 1043 3633 artibus
1062 3574 1201 3646 seiungens
