2480 4006
206 265 242 325 to
526 277 561 325 ι).
585 278 656 325 mu.
678 277 864 324 iuuencum

202 417 306 476 Lectus
330 423 392 476 erat
413 412 510 475 Godro
533 414 658 475 Procula
679 416 787 492 minor,
810 417 924 476 urceoli
946 437 1010 495 sex,

202 499 404 560 Ornamentum
427 497 527 574 abaci,
551 517 607 558 nec
629 516 686 558 non
708 509 737 558 et
755 500 891 578 parvulus
912 501 985 562 inira

202 583 363 644 (lantherus
386 592 416 643 et
438 582 582 643 recubans
603 582 656 642 sub
679 581 784 642 eodem
805 602 948 644 marmore
972 583 1093 645 Chiron·
1142 595 1194 647 bot

200 667 319 747 lamque
342 675 427 726 vetus
450 683 578 741 graecos
600 665 736 726 servabat
759 667 830 728 cista
852 669 980 746 libellos,

101 793 106 802 -
200 750 238 811 llt
259 751 353 811 divina
374 751 453 828 opici
473 750 616 810 rodebant
638 751 763 811 carmina
784 769 890 812 mures.

200 834 249 894 Nil
266 834 365 894 habuit
384 831 512 903 Codrum
535 836 599 913 quis
622 835 697 894 enim
716 833 825 911 negat?
848 845 878 896 et
900 846 996 898 tamen
1017 837 1088 898 illud

201 918 328 979 Perdidit
347 917 449 977 infelix
470 925 561 976 totum
582 917 669 978 nihil:
692 917 808 978 ultimus
828 928 924 980 autem

201 1001 365 1084 Aerumnae
382 1010 427 1061 est
444 1000 591 1078 cumulus,
608 1001 685 1080 quod
703 1001 807 1061 nudum
823 1012 852 1063 et
867 1004 959 1066 frusta
974 1015 1127 1084 rogantem
1143 1017 1194 1068 210

200 1085 293 1144 Nemo
318 1085 402 1161 cibo,
425 1102 511 1144 nemo
534 1084 661 1163 bospitio
681 1093 822 1166 tectoque
839 1087 958 1158 iuvabit.

201 1170 232 1228 Si
252 1186 356 1246 magna
378 1167 508 1228 Asturici
531 1169 639 1228 cecidit
660 1169 779 1246 domus,
802 1169 920 1233 horrida
939 1182 1042 1250 mater,

201 1251 305 1312 Pullati
326 1269 486 1330 proceres,
507 1252 604 1312 differt
625 1251 787 1314 vadimonia
806 1264 940 1332 praetor;

202 1336 282 1396 Tunc
302 1337 444 1412 gemimus
465 1353 551 1396 casus
571 1335 668 1413 urbis,
686 1345 754 1398 tunc
774 1337 886 1398 odimus
905 1341 1011 1418 ignem.

201 1419 295 1479 Ardet
316 1419 427 1496 adhuc,
450 1428 480 1479 et
502 1421 558 1480 iam
579 1421 705 1480 accurrit
728 1423 776 1500 qui
794 1439 936 1484 marmora
958 1424 1057 1499 donet,
1141 1435 1192 1486 215

202 1501 343 1563 Conferat
366 1504 527 1581 impensas:
550 1503 597 1564 hic
618 1504 693 1582 nuda
716 1513 745 1564 et
767 1505 889 1568 candida
911 1509 1004 1586 signa,

200 1587 255 1647 Hic
274 1585 383 1666 aliquid
406 1586 588 1665 praeclarum
607 1587 805 1666 Euphranoris
825 1597 854 1649 et
873 1590 1018 1667 Polycliti,

200 1670 281 1730 llaec
304 1669 477 1730 Asianorum
499 1679 601 1731 vetera
623 1682 789 1732 ornamenta
812 1673 942 1751 deorum,

201 1754 254 1813 llic
277 1753 369 1813 libros
391 1753 516 1813 dubitet
536 1754 649 1814 forulos
671 1757 854 1835 mediamque
873 1755 1042 1836 Minervam,

202 1836 254 1897 llic
276 1836 402 1897 modium
422 1839 551 1916 argenti;
573 1839 695 1899 meliora
717 1857 752 1898 ac
771 1840 854 1917 plura
873 1843 991 1920 reponit
1141 1853 1192 1904 220

201 1919 336 1981 Persicus
360 1920 497 1982 orborum
517 1922 692 1982 lautissimus
714 1931 743 1983 et
762 1925 865 1982 merito
888 1925 944 1984 iam

202 2007 543 2085 Suspectns‚.tamquam
564 2007 629 2085 ipse
651 2025 717 2066 snas
736 2005 897 2066 incenderit
918 2008 1018 2070 aedes.

201 2091 232 2149 Si
252 2098 339 2167 potes
361 2089 449 2149 avelli
467 2090 667 2166 circensibus,
691 2091 798 2168 optima
817 2091 909 2151 Sorae

200 2173 258 2232 Aut
274 2171 461 2232 Fabrateriae
482 2173 582 2232 domus
605 2182 653 2233 aut
674 2170 835 2234 Frusinone
858 2185 986 2254 paratur,

201 2255 306 2329 Quanti
328 2273 403 2315 nunc
425 2255 563 2316 tenebras
584 2275 669 2316 unum
692 2257 830 2318 conducis
848 2260 877 2318 in
898 2278 1009 2320 annum.
1140 2271 1190 2322 ms

200 2336 338 2398 Hortulus
359 2337 407 2398 hic
426 2348 590 2419 puteusque
611 2339 710 2399 brevis
729 2359 785 2400 nec
804 2351 884 2402 reste
903 2342 1063 2404 movendus

200 2421 233 2482 ln
254 2431 358 2482 tenues
374 2422 486 2500 plautas
508 2423 587 2483 facili
612 2423 776 2484 diffunditur
796 2424 908 2486 haustu.

138 2533 142 2541 ¹
199 2506 275 2565 Vive
298 2503 423 2565 bidentis
444 2525 541 2566 amans
564 2515 593 2567 et
612 2507 680 2567 culti
713 2509 815 2568 vilicus
835 2509 922 2586 horti,

200 2589 285 2649 Unde
308 2588 425 2667 epulum
447 2592 544 2668 possis
567 2601 680 2651 centum
700 2591 770 2653 dare
792 2592 993 2672 Pythagoreis.

200 2671 254 2732 Est
275 2671 399 2750 aliquid,
420 2691 602 2754 quocumque
628 2675 712 2752 loco,
729 2694 919 2756 -quocumque
941 2695 1086 2754 recessu,¹
1141 2686 1190 2744 230

201 2756 291 2816 Unius
314 2774 382 2816 sese
406 2756 548 2817 dominum
569 2759 679 2820 fecisse
702 2759 842 2820 lacertae.

243 2839 383 2899 Plurimus
406 2840 454 2901 hic
476 2859 567 2919 aeger
589 2846 708 2903 moritur
727 2843 890 2921 vigilando;
913 2843 967 2904 sed
989 2845 1081 2922 ipsum
1186 2909 1188 2916 ,

201 2922 383 3000 languorem
403 2927 519 3005 peperit
541 2927 622 2988 cibus
641 2928 830 3007 imperfectus
854 2937 883 2986 et
902 2927 1026 2987 haerens
1051 3001 1053 3005 Ι

200 3007 323 3066 Ardenti
343 3009 507 3082 stomacho;
529 3029 593 3071 nam
614 3030 689 3091 quae
710 3012 858 3072 meritoria
877 3027 1007 3071 somnum

200 3088 379 3150 Admittunt?
399 3095 510 3170 magnis
530 3095 633 3174 opibus
656 3095 793 3154 dormitur
815 3095 843 3153 in
862 3094 943 3154 urbe.
1138 3103 1188 3157 235

200 3172 271 3233 lnde
295 3184 379 3254 caput
398 3177 508 3247 morbi;
528 3179 662 3238 redarum
684 3179 819 3238 transitus
842 3185 906 3238 arto

199 3256 338 3318 Vicorum
357 3261 464 3321 inllexu
486 3270 515 3320 et
537 3263 636 3321 stantis
658 3262 789 3321 convicia
810 3260 947 3322 mandrae

200 3340 333 3420 Eripient
354 3362 483 3404 somnum
502 3344 599 3404 Druso
621 3343 777 3422 vitulisque
797 3345 922 3404 marinis.

201 3425 232 3484 Si
254 3435 342 3486 vocat
364 3428 507 3504 cilicium,
528 3426 611 3488 turba
635 3427 758 3488 cedente
780 3429 904 3488 vehetur

199 3507 290 3570 Dives
312 3519 341 3570 el
362 3512 471 3589 ingenti
494 3521 591 3571 curret
610 3529 699 3589 super
721 3528 772 3572 ora
790 3511 926 3589 Liburno,
1140 3521 1188 3574 ald
