<?xml version="1.0" encoding="UTF-8"?>
<!DOCTYPE html PUBLIC "-//W3C//DTD XHTML 1.0 Transitional//EN"
    "http://www.w3.org/TR/xhtml1/DTD/xhtml1-transitional.dtd">
<html xmlns="http://www.w3.org/1999/xhtml" xml:lang="en" lang="en">
 <head>
  <title>
</title>
<meta http-equiv="Content-Type" content="text/html;charset=utf-8" />
  <meta name='ocr-system' content='tesseract 3.04.00' />
  <meta name='ocr-capabilities' content='ocr_page ocr_carea ocr_par ocr_line ocrx_word'/>
</head>
<body>
  <div class='ocr_page' id='page_1' title='image "./satirarumlibriq04juvegoog_0134.png"; bbox 0 0 2460 4004; ppageno 0'>
   <div class='ocr_carea' id='block_1_1' title="bbox 424 293 627 342">
    <p class='ocr_par' dir='ltr' id='par_1_1' title="bbox 424 293 627 342">
     <span class='ocr_line' id='line_1_1' title="bbox 424 293 627 342; baseline -0.01 0"><span class='ocrx_word' id='word_1_1' title='bbox 424 293 548 342; x_wconf 76' lang='lat' dir='ltr'>suumn</span> <span class='ocrx_word' id='word_1_2' title='bbox 570 295 627 341; x_wconf 87' lang='lat' dir='ltr'>XV.</span> 
     </span>
    </p>
   </div>
   <div class='ocr_carea' id='block_1_2' title="bbox 35 433 1030 1352">
    <p class='ocr_par' dir='ltr' id='par_1_2' title="bbox 42 433 797 514">
     <span class='ocr_line' id='line_1_2' title="bbox 42 433 797 514; baseline -0.003 -18"><span class='ocrx_word' id='word_1_3' title='bbox 42 435 190 514; x_wconf 80' lang='lat' dir='ltr'>Numquam</span> <span class='ocrx_word' id='word_1_4' title='bbox 212 434 288 494; x_wconf 92' lang='lat' dir='ltr'>aliud</span> <span class='ocrx_word' id='word_1_5' title='bbox 311 442 429 510; x_wconf 90' lang='lat' dir='ltr'>natura,</span> <span class='ocrx_word' id='word_1_6' title='bbox 454 433 531 494; x_wconf 93' lang='lat' dir='ltr'>aliud</span> <span class='ocrx_word' id='word_1_7' title='bbox 555 434 696 510; x_wconf 81' lang='lat' dir='ltr'><strong>sapientia</strong></span> <span class='ocrx_word' id='word_1_8' title='bbox 720 435 797 494; x_wconf 90' lang='lat' dir='ltr'>dicit.</span> 
     </span>
    </p>

    <p class='ocr_par' dir='ltr' id='par_1_3' title="bbox 42 513 798 596">
     <span class='ocr_line' id='line_1_3' title="bbox 42 513 798 596; baseline 0 -19"><span class='ocrx_word' id='word_1_9' title='bbox 42 519 158 578; x_wconf 90' lang='lat' dir='ltr'>Acribus</span> <span class='ocrx_word' id='word_1_10' title='bbox 180 517 324 596; x_wconf 88' lang='lat' dir='ltr'>exemplis</span> <span class='ocrx_word' id='word_1_11' title='bbox 346 517 451 576; x_wconf 86' lang='lat' dir='ltr'>videor</span> <span class='ocrx_word' id='word_1_12' title='bbox 472 526 501 576; x_wconf 92' lang='lat' dir='ltr'>te</span> <span class='ocrx_word' id='word_1_13' title='bbox 528 513 687 576; x_wconf 79' lang='lat' dir='ltr'>claudere?</span> <span class='ocrx_word' id='word_1_14' title='bbox 708 517 798 577; x_wconf 81' lang='lat' dir='ltr'><strong>misce</strong></span> 
     </span>
    </p>

    <p class='ocr_par' dir='ltr' id='par_1_4' title="bbox 41 598 882 680">
     <span class='ocr_line' id='line_1_4' title="bbox 41 598 882 680; baseline -0.001 -19"><span class='ocrx_word' id='word_1_15' title='bbox 41 603 114 679; x_wconf 85' lang='lat' dir='ltr'>Ergo</span> <span class='ocrx_word' id='word_1_16' title='bbox 136 602 243 680; x_wconf 88' lang='lat' dir='ltr'>aliquid</span> <span class='ocrx_word' id='word_1_17' title='bbox 266 601 373 661; x_wconf 89' lang='lat' dir='ltr'>nostris</span> <span class='ocrx_word' id='word_1_18' title='bbox 396 600 433 660; x_wconf 88' lang='lat' dir='ltr'>de</span> <span class='ocrx_word' id='word_1_19' title='bbox 456 598 600 675; x_wconf 87' lang='lat' dir='ltr'>moribus,</span> <span class='ocrx_word' id='word_1_20' title='bbox 624 600 711 660; x_wconf 86' lang='lat' dir='ltr'>elhce</span> <span class='ocrx_word' id='word_1_21' title='bbox 734 619 882 677; x_wconf 84' lang='lat' dir='ltr'>summam,</span> 
     </span>
    </p>

    <p class='ocr_par' dir='ltr' id='par_1_5' title="bbox 40 682 880 763">
     <span class='ocr_line' id='line_1_5' title="bbox 40 682 880 763; baseline -0.002 -19"><span class='ocrx_word' id='word_1_22' title='bbox 40 687 86 744; x_wconf 89' lang='lat' dir='ltr'>Bis</span> <span class='ocrx_word' id='word_1_23' title='bbox 106 694 217 763; x_wconf 78' lang='lat' dir='ltr'>septem</span> <span class='ocrx_word' id='word_1_24' title='bbox 240 683 388 744; x_wconf 85' lang='lat' dir='ltr'>ordinibus</span> <span class='ocrx_word' id='word_1_25' title='bbox 413 701 497 761; x_wconf 88' lang='lat' dir='ltr'>quam</span> <span class='ocrx_word' id='word_1_26' title='bbox 522 683 572 742; x_wconf 86' lang='lat' dir='ltr'>lex</span> <span class='ocrx_word' id='word_1_27' title='bbox 594 683 726 762; x_wconf 78' lang='lat' dir='ltr'>dignatur</span> <span class='ocrx_word' id='word_1_28' title='bbox 748 682 880 745; x_wconf 89' lang='lat' dir='ltr'>Othonis.</span> 
     </span>
    </p>

    <p class='ocr_par' dir='ltr' id='par_1_6' title="bbox 39 765 1022 930">
     <span class='ocr_line' id='line_1_6' title="bbox 40 765 1022 848; baseline 0.005 -20"><span class='ocrx_word' id='word_1_29' title='bbox 40 769 115 830; x_wconf 89' lang='lat' dir='ltr'>Haec</span> <span class='ocrx_word' id='word_1_30' title='bbox 137 786 253 848; x_wconf 85' lang='lat' dir='ltr'>quoque</span> <span class='ocrx_word' id='word_1_31' title='bbox 275 769 299 827; x_wconf 91' lang='lat' dir='ltr'>si</span> <span class='ocrx_word' id='word_1_32' title='bbox 319 784 419 844; x_wconf 83' lang='lat' dir='ltr'>rugam</span> <span class='ocrx_word' id='word_1_33' title='bbox 441 765 527 827; x_wconf 88' lang='lat' dir='ltr'>trahit</span> <span class='ocrx_word' id='word_1_34' title='bbox 549 769 738 846; x_wconf 84' lang='lat' dir='ltr'>extenditque</span> <span class='ocrx_word' id='word_1_35' title='bbox 761 767 909 846; x_wconf 91' lang='lat' dir='ltr'>labellum,</span> <span class='ocrx_word' id='word_1_36' title='bbox 969 781 1022 835; x_wconf 71' lang='lat'>325</span> 
     </span>
     <span class='ocr_line' id='line_1_7' title="bbox 39 851 799 930; baseline -0.003 -18"><span class='ocrx_word' id='word_1_37' title='bbox 39 855 123 912; x_wconf 92' lang='lat' dir='ltr'>Sume</span> <span class='ocrx_word' id='word_1_38' title='bbox 150 852 222 912; x_wconf 91' lang='lat' dir='ltr'>duos</span> <span class='ocrx_word' id='word_1_39' title='bbox 246 853 377 930; x_wconf 90' lang='lat' dir='ltr'>equites,</span> <span class='ocrx_word' id='word_1_40' title='bbox 401 851 448 911; x_wconf 87' lang='lat' dir='ltr'>lac</span> <span class='ocrx_word' id='word_1_41' title='bbox 472 851 556 910; x_wconf 86' lang='lat' dir='ltr'>tertia</span> <span class='ocrx_word' id='word_1_42' title='bbox 580 851 799 930; x_wconf 85' lang='lat' dir='ltr'>quadringenta.</span> 
     </span>
    </p>

    <p class='ocr_par' dir='ltr' id='par_1_7' title="bbox 38 935 842 1014">
     <span class='ocr_line' id='line_1_8' title="bbox 38 935 842 1014; baseline 0 -18"><span class='ocrx_word' id='word_1_43' title='bbox 38 936 69 996; x_wconf 89' lang='lat' dir='ltr'>Si</span> <span class='ocrx_word' id='word_1_44' title='bbox 89 935 211 996; x_wconf 92' lang='lat' dir='ltr'>noudum</span> <span class='ocrx_word' id='word_1_45' title='bbox 229 935 348 1014; x_wconf 89' lang='lat' dir='ltr'>implevi</span> <span class='ocrx_word' id='word_1_46' title='bbox 370 936 527 1013; x_wconf 82' lang='lat' dir='ltr'>gremium,</span> <span class='ocrx_word' id='word_1_47' title='bbox 554 935 578 994; x_wconf 89' lang='lat' dir='ltr'>si</span> <span class='ocrx_word' id='word_1_48' title='bbox 602 936 735 1014; x_wconf 79' lang='lat' dir='ltr'>panditur</span> <span class='ocrx_word' id='word_1_49' title='bbox 757 936 842 1011; x_wconf 87' lang='lat' dir='ltr'>ultra,</span> 
     </span>
    </p>

    <p class='ocr_par' dir='ltr' id='par_1_8' title="bbox 37 1017 855 1180">
     <span class='ocr_line' id='line_1_9' title="bbox 37 1017 855 1099; baseline 0 -19"><span class='ocrx_word' id='word_1_50' title='bbox 37 1020 100 1080; x_wconf 91' lang='lat' dir='ltr'>Nec</span> <span class='ocrx_word' id='word_1_51' title='bbox 122 1017 226 1080; x_wconf 82' lang='lat' dir='ltr'>Croesi</span> <span class='ocrx_word' id='word_1_52' title='bbox 250 1020 362 1080; x_wconf 78' lang='lat' dir='ltr'>fortuna</span> <span class='ocrx_word' id='word_1_53' title='bbox 385 1037 519 1099; x_wconf 89' lang='lat' dir='ltr'>umquam</span> <span class='ocrx_word' id='word_1_54' title='bbox 545 1037 601 1078; x_wconf 92' lang='lat' dir='ltr'>nec</span> <span class='ocrx_word' id='word_1_55' title='bbox 622 1020 742 1080; x_wconf 89' lang='lat' dir='ltr'>Persica</span> <span class='ocrx_word' id='word_1_56' title='bbox 764 1038 855 1097; x_wconf 78' lang='lat' dir='ltr'>regna</span> 
     </span>
     <span class='ocr_line' id='line_1_10' title="bbox 37 1101 681 1180; baseline -0.003 -16"><span class='ocrx_word' id='word_1_57' title='bbox 37 1104 184 1164; x_wconf 84' lang='lat' dir='ltr'>Sufficiant</span> <span class='ocrx_word' id='word_1_58' title='bbox 207 1105 300 1164; x_wconf 90' lang='lat' dir='ltr'>animo</span> <span class='ocrx_word' id='word_1_59' title='bbox 322 1121 378 1162; x_wconf 90' lang='lat' dir='ltr'>nec</span> <span class='ocrx_word' id='word_1_60' title='bbox 401 1103 517 1163; x_wconf 88' lang='lat' dir='ltr'>divitiae</span> <span class='ocrx_word' id='word_1_61' title='bbox 541 1101 681 1180; x_wconf 83' lang='lat' dir='ltr'>Narcissi,</span> 
     </span>
    </p>

    <p class='ocr_par' dir='ltr' id='par_1_9' title="bbox 35 1184 1030 1352">
     <span class='ocr_line' id='line_1_11' title="bbox 35 1184 1024 1264; baseline 0.002 -16"><span class='ocrx_word' id='word_1_62' title='bbox 35 1188 153 1248; x_wconf 90' lang='lat' dir='ltr'>Indulsit</span> <span class='ocrx_word' id='word_1_63' title='bbox 176 1185 286 1250; x_wconf 80' lang='lat' dir='ltr'>Caesar</span> <span class='ocrx_word' id='word_1_64' title='bbox 309 1187 355 1247; x_wconf 94' lang='lat' dir='ltr'>cui</span> <span class='ocrx_word' id='word_1_65' title='bbox 380 1184 519 1248; x_wconf 79' lang='lat' dir='ltr'>Claudius</span> <span class='ocrx_word' id='word_1_66' title='bbox 542 1187 652 1264; x_wconf 89' lang='lat' dir='ltr'>omnia,</span> <span class='ocrx_word' id='word_1_67' title='bbox 676 1188 757 1246; x_wconf 89' lang='lat' dir='ltr'>cuius</span> <span class='ocrx_word' id='word_1_68' title='bbox 971 1196 1024 1250; x_wconf 80' lang='lat'>330</span> 
     </span>
     <span class='ocr_line' id='line_1_12' title="bbox 35 1270 1030 1352; baseline -0.001 -22"><span class='ocrx_word' id='word_1_69' title='bbox 35 1272 130 1332; x_wconf 88' lang='lat' dir='ltr'>Pamit</span> <span class='ocrx_word' id='word_1_70' title='bbox 152 1273 281 1352; x_wconf 90' lang='lat' dir='ltr'>imperiis</span> <span class='ocrx_word' id='word_1_71' title='bbox 304 1289 425 1332; x_wconf 88' lang='lat' dir='ltr'>uxorem</span> <span class='ocrx_word' id='word_1_72' title='bbox 451 1270 590 1332; x_wconf 85' lang='lat' dir='ltr'>occidere</span> <span class='ocrx_word' id='word_1_73' title='bbox 612 1272 717 1331; x_wconf 88' lang='lat' dir='ltr'>iussus.</span> <span class='ocrx_word' id='word_1_74' title='bbox 1027 1297 1030 1304; x_wconf 93' lang='lat'>·</span> 
     </span>
    </p>
   </div>
   <div class='ocr_carea' id='block_1_3' title="bbox 426 1421 619 1431">
    <p class='ocr_par' dir='ltr' id='par_1_10' title="bbox 426 1421 619 1431">
     <span class='ocr_line' id='line_1_13' title="bbox 426 1421 619 1431; baseline -0.005 -1"><span class='ocrx_word' id='word_1_75' title='bbox 426 1421 619 1431; x_wconf 78' lang='lat'>—————</span> 
     </span>
    </p>
   </div>
   <div class='ocr_carea' id='block_1_4' title="bbox 363 1538 699 1605">
    <p class='ocr_par' dir='ltr' id='par_1_11' title="bbox 363 1538 699 1605">
     <span class='ocr_line' id='line_1_14' title="bbox 363 1538 699 1605; baseline -0.009 0"><span class='ocrx_word' id='word_1_76' title='bbox 363 1539 595 1605; x_wconf 84' lang='lat' dir='ltr'>SATIRA</span> <span class='ocrx_word' id='word_1_77' title='bbox 623 1538 699 1603; x_wconf 84' lang='lat' dir='ltr'>XV.</span> 
     </span>
    </p>
   </div>
   <div class='ocr_carea' id='block_1_5' title="bbox 15 1643 1080 3248">
    <p class='ocr_par' dir='ltr' id='par_1_12' title="bbox 32 1643 833 1750">
     <span class='ocr_line' id='line_1_15' title="bbox 32 1643 833 1750; baseline -0.002 -18"><span class='ocrx_word' id='word_1_78' title='bbox 32 1643 112 1744; x_wconf 62' lang='lat' dir='ltr'>(huis</span> <span class='ocrx_word' id='word_1_79' title='bbox 136 1675 246 1749; x_wconf 88' lang='lat' dir='ltr'>nescit,</span> <span class='ocrx_word' id='word_1_80' title='bbox 273 1673 376 1732; x_wconf 90' lang='lat' dir='ltr'>Volusi</span> <span class='ocrx_word' id='word_1_81' title='bbox 399 1672 568 1748; x_wconf 84' lang='lat' dir='ltr'>Bithynice,</span> <span class='ocrx_word' id='word_1_82' title='bbox 592 1669 689 1750; x_wconf 89' lang='lat' dir='ltr'>qualia</span> <span class='ocrx_word' id='word_1_83' title='bbox 713 1669 833 1731; x_wconf 87' lang='lat' dir='ltr'>demens</span> 
     </span>
    </p>

    <p class='ocr_par' dir='ltr' id='par_1_13' title="bbox 15 1754 842 1919">
     <span class='ocr_line' id='line_1_16' title="bbox 30 1754 786 1837; baseline -0.001 -20"><span class='ocrx_word' id='word_1_84' title='bbox 30 1761 188 1835; x_wconf 81' lang='lat' dir='ltr'>Aegyptus</span> <span class='ocrx_word' id='word_1_85' title='bbox 209 1766 344 1837; x_wconf 89' lang='lat' dir='ltr'>portenta</span> <span class='ocrx_word' id='word_1_86' title='bbox 367 1754 465 1816; x_wconf 79' lang='lat' dir='ltr'>colati</span> <span class='ocrx_word' id='word_1_87' title='bbox 491 1755 661 1816; x_wconf 90' lang='lat' dir='ltr'>crocodilon</span> <span class='ocrx_word' id='word_1_88' title='bbox 684 1755 786 1816; x_wconf 87' lang='lat' dir='ltr'>adorat</span> 
     </span>
     <span class='ocr_line' id='line_1_17' title="bbox 15 1839 842 1919; baseline -0.007 -17"><span class='ocrx_word' id='word_1_89' title='bbox 15 1843 103 1902; x_wconf 87' lang='lat' dir='ltr'>tPars</span> <span class='ocrx_word' id='word_1_90' title='bbox 126 1841 217 1915; x_wconf 90' lang='lat' dir='ltr'>haec,</span> <span class='ocrx_word' id='word_1_91' title='bbox 240 1841 293 1901; x_wconf 83' lang='lat' dir='ltr'>illa</span> <span class='ocrx_word' id='word_1_92' title='bbox 312 1851 401 1919; x_wconf 83' lang='lat' dir='ltr'>pauet</span> <span class='ocrx_word' id='word_1_93' title='bbox 422 1851 543 1901; x_wconf 90' lang='lat' dir='ltr'>saturam</span> <span class='ocrx_word' id='word_1_94' title='bbox 565 1839 752 1914; x_wconf 89' lang='lat' dir='ltr'>serpentibus</span> <span class='ocrx_word' id='word_1_95' title='bbox 776 1840 842 1898; x_wconf 91' lang='lat' dir='ltr'>ibin.</span> 
     </span>
    </p>

    <p class='ocr_par' dir='ltr' id='par_1_14' title="bbox 23 1923 1080 2166">
     <span class='ocr_line' id='line_1_18' title="bbox 28 1923 1080 2008; baseline -0.004 -26"><span class='ocrx_word' id='word_1_96' title='bbox 28 1924 158 1998; x_wconf 82' lang='lat' dir='ltr'>Effigies</span> <span class='ocrx_word' id='word_1_97' title='bbox 182 1925 258 1978; x_wconf 92' lang='lat' dir='ltr'>sacri</span> <span class='ocrx_word' id='word_1_98' title='bbox 281 1926 352 1980; x_wconf 90' lang='lat' dir='ltr'>nitet</span> <span class='ocrx_word' id='word_1_99' title='bbox 375 1942 463 1982; x_wconf 89' lang='lat' dir='ltr'>aurea</span> <span class='ocrx_word' id='word_1_100' title='bbox 485 1923 696 2000; x_wconf 85' lang='lat' dir='ltr'>cercopitheci,</span> <span class='ocrx_word' id='word_1_101' title='bbox 1069 1939 1080 2008; x_wconf 72' lang='lat' dir='ltr'>y</span> 
     </span>
     <span class='ocr_line' id='line_1_19' title="bbox 23 2001 1074 2076; baseline 0 -12"><span class='ocrx_word' id='word_1_102' title='bbox 23 2003 160 2068; x_wconf 89' lang='lat' dir='ltr'>Dimidio</span> <span class='ocrx_word' id='word_1_103' title='bbox 183 2003 315 2076; x_wconf 79' lang='lat' dir='ltr'>magicae</span> <span class='ocrx_word' id='word_1_104' title='bbox 341 2014 478 2063; x_wconf 90' lang='lat' dir='ltr'>resonant</span> <span class='ocrx_word' id='word_1_105' title='bbox 501 2005 549 2062; x_wconf 92' lang='lat' dir='ltr'>ubi</span> <span class='ocrx_word' id='word_1_106' title='bbox 570 2003 725 2062; x_wconf 86' lang='lat' dir='ltr'>Memnone</span> <span class='ocrx_word' id='word_1_107' title='bbox 750 2001 877 2061; x_wconf 89' lang='lat' dir='ltr'>chordae</span> <span class='ocrx_word' id='word_1_108' title='bbox 1007 2012 1024 2064; x_wconf 78' lang='lat'><strong>5</strong></span> <span class='ocrx_word' id='word_1_109' title='bbox 1069 2009 1074 2024; x_wconf 64' lang='lat'>&#39;‘</span> 
     </span>
     <span class='ocr_line' id='line_1_20' title="bbox 24 2083 856 2166; baseline -0.006 -19"><span class='ocrx_word' id='word_1_110' title='bbox 24 2092 134 2166; x_wconf 81' lang='lat' dir='ltr'>Atque</span> <span class='ocrx_word' id='word_1_111' title='bbox 156 2092 240 2143; x_wconf 85' lang='lat' dir='ltr'>vetus</span> <span class='ocrx_word' id='word_1_112' title='bbox 265 2083 365 2142; x_wconf 85' lang='lat' dir='ltr'>Thebe</span> <span class='ocrx_word' id='word_1_113' title='bbox 392 2096 504 2144; x_wconf 89' lang='lat' dir='ltr'>centum</span> <span class='ocrx_word' id='word_1_114' title='bbox 529 2088 605 2146; x_wconf 89' lang='lat' dir='ltr'>iacet</span> <span class='ocrx_word' id='word_1_115' title='bbox 629 2086 732 2147; x_wconf 93' lang='lat' dir='ltr'>obruta</span> <span class='ocrx_word' id='word_1_116' title='bbox 755 2087 856 2163; x_wconf 90' lang='lat' dir='ltr'>portis.</span> 
     </span>
    </p>

    <p class='ocr_par' dir='ltr' id='par_1_15' title="bbox 41 2167 710 2246">
     <span class='ocr_line' id='line_1_21' title="bbox 41 2167 710 2246; baseline -0.004 -14"><span class='ocrx_word' id='word_1_117' title='bbox 41 2172 97 2232; x_wconf 91' lang='lat' dir='ltr'>llic</span> <span class='ocrx_word' id='word_1_118' title='bbox 121 2167 257 2244; x_wconf 88' lang='lat' dir='ltr'>aeluros,</span> <span class='ocrx_word' id='word_1_119' title='bbox 282 2167 329 2227; x_wconf 90' lang='lat' dir='ltr'>hic</span> <span class='ocrx_word' id='word_1_120' title='bbox 351 2168 462 2244; x_wconf 87' lang='lat' dir='ltr'>piscem</span> <span class='ocrx_word' id='word_1_121' title='bbox 486 2169 624 2246; x_wconf 89' lang='lat' dir='ltr'>Numinis,</span> <span class='ocrx_word' id='word_1_122' title='bbox 648 2170 710 2230; x_wconf 89' lang='lat' dir='ltr'>illic</span> 
     </span>
    </p>

    <p class='ocr_par' dir='ltr' id='par_1_16' title="bbox 27 2252 832 2333">
     <span class='ocr_line' id='line_1_22' title="bbox 27 2252 832 2333; baseline -0.007 -19"><span class='ocrx_word' id='word_1_123' title='bbox 27 2253 150 2333; x_wconf 89' lang='lat' dir='ltr'>Oppida</span> <span class='ocrx_word' id='word_1_124' title='bbox 173 2260 232 2312; x_wconf 89' lang='lat' dir='ltr'>tota</span> <span class='ocrx_word' id='word_1_125' title='bbox 258 2268 359 2312; x_wconf 90' lang='lat' dir='ltr'>canem</span> <span class='ocrx_word' id='word_1_126' title='bbox 382 2261 572 2327; x_wconf 89' lang='lat' dir='ltr'>venerantur,</span> <span class='ocrx_word' id='word_1_127' title='bbox 597 2270 681 2312; x_wconf 90' lang='lat' dir='ltr'>nemo</span> <span class='ocrx_word' id='word_1_128' title='bbox 704 2252 832 2313; x_wconf 89' lang='lat' dir='ltr'>Dianam.</span> 
     </span>
    </p>

    <p class='ocr_par' dir='ltr' id='par_1_17' title="bbox 17 2333 900 2415">
     <span class='ocr_line' id='line_1_23' title="bbox 17 2333 900 2415; baseline -0.002 -17"><span class='ocrx_word' id='word_1_129' title='bbox 17 2339 153 2398; x_wconf 51' lang='lat' dir='ltr'>¹l’orrum</span> <span class='ocrx_word' id='word_1_130' title='bbox 177 2344 206 2394; x_wconf 91' lang='lat' dir='ltr'>et</span> <span class='ocrx_word' id='word_1_131' title='bbox 225 2353 319 2415; x_wconf 90' lang='lat' dir='ltr'>caepe</span> <span class='ocrx_word' id='word_1_132' title='bbox 337 2333 420 2393; x_wconf 83' lang='lat' dir='ltr'>naias</span> <span class='ocrx_word' id='word_1_133' title='bbox 442 2334 556 2395; x_wconf 86' lang='lat' dir='ltr'>violare</span> <span class='ocrx_word' id='word_1_134' title='bbox 577 2345 607 2395; x_wconf 91' lang='lat' dir='ltr'>et</span> <span class='ocrx_word' id='word_1_135' title='bbox 625 2337 761 2414; x_wconf 80' lang='lat' dir='ltr'>frangere</span> <span class='ocrx_word' id='word_1_136' title='bbox 786 2353 900 2396; x_wconf 88' lang='lat' dir='ltr'>morsu:</span> 
     </span>
    </p>

    <p class='ocr_par' dir='ltr' id='par_1_18' title="bbox 17 2417 1022 2564">
     <span class='ocr_line' id='line_1_24' title="bbox 17 2417 1022 2498; baseline 0.004 -20"><span class='ocrx_word' id='word_1_137' title='bbox 17 2423 53 2478; x_wconf 76' lang='grc' dir='ltr'>’θ</span> <span class='ocrx_word' id='word_1_138' title='bbox 80 2427 198 2480; x_wconf 90' lang='lat' dir='ltr'>sanctas</span> <span class='ocrx_word' id='word_1_139' title='bbox 221 2429 344 2496; x_wconf 85' lang='lat' dir='ltr'>gentes,</span> <span class='ocrx_word' id='word_1_140' title='bbox 370 2417 472 2498; x_wconf 90' lang='lat' dir='ltr'>quibus</span> <span class='ocrx_word' id='word_1_141' title='bbox 494 2417 568 2478; x_wconf 90' lang='lat' dir='ltr'>haec</span> <span class='ocrx_word' id='word_1_142' title='bbox 591 2428 745 2478; x_wconf 92' lang='lat' dir='ltr'>nascuntur</span> <span class='ocrx_word' id='word_1_143' title='bbox 766 2421 795 2478; x_wconf 94' lang='lat' dir='ltr'>in</span> <span class='ocrx_word' id='word_1_144' title='bbox 816 2419 907 2480; x_wconf 88' lang='lat' dir='ltr'>hortis</span> <span class='ocrx_word' id='word_1_145' title='bbox 989 2434 1022 2484; x_wconf 85' lang='lat' dir='ltr'>lo</span> 
     </span>
     <span class='ocr_line' id='line_1_25' title="bbox 34 2501 771 2564; baseline -0.001 -3"><span class='ocrx_word' id='word_1_146' title='bbox 34 2502 169 2563; x_wconf 88' lang='lat' dir='ltr'>Numina!</span> <span class='ocrx_word' id='word_1_147' title='bbox 205 2501 320 2562; x_wconf 84' lang='lat' dir='ltr'>hamatis</span> <span class='ocrx_word' id='word_1_148' title='bbox 343 2503 511 2563; x_wconf 88' lang='lat' dir='ltr'>animalibus</span> <span class='ocrx_word' id='word_1_149' title='bbox 533 2503 658 2564; x_wconf 89' lang='lat' dir='ltr'>abstinet</span> <span class='ocrx_word' id='word_1_150' title='bbox 681 2505 771 2562; x_wconf 91' lang='lat' dir='ltr'>omnis</span> 
     </span>
    </p>

    <p class='ocr_par' dir='ltr' id='par_1_19' title="bbox 36 2585 780 2666">
     <span class='ocr_line' id='line_1_26' title="bbox 36 2585 780 2666; baseline 0 -20"><span class='ocrx_word' id='word_1_151' title='bbox 36 2587 151 2662; x_wconf 86' lang='lat' dir='ltr'>Nensa,</span> <span class='ocrx_word' id='word_1_152' title='bbox 176 2585 259 2646; x_wconf 85' lang='lat' dir='ltr'>nefas</span> <span class='ocrx_word' id='word_1_153' title='bbox 282 2586 342 2646; x_wconf 93' lang='lat' dir='ltr'>illic</span> <span class='ocrx_word' id='word_1_154' title='bbox 364 2587 453 2646; x_wconf 83' lang='lat' dir='ltr'>letum</span> <span class='ocrx_word' id='word_1_155' title='bbox 476 2587 607 2664; x_wconf 84' lang='lat' dir='ltr'>iugulare</span> <span class='ocrx_word' id='word_1_156' title='bbox 631 2587 780 2666; x_wconf 82' lang='lat' dir='ltr'>capellae:</span> 
     </span>
    </p>

    <p class='ocr_par' dir='ltr' id='par_1_20' title="bbox 38 2667 807 2749">
     <span class='ocr_line' id='line_1_27' title="bbox 38 2667 807 2749; baseline 0.004 -22"><span class='ocrx_word' id='word_1_157' title='bbox 38 2667 176 2730; x_wconf 79' lang='lat' dir='ltr'>Carnibus</span> <span class='ocrx_word' id='word_1_158' title='bbox 202 2668 330 2730; x_wconf 87' lang='lat' dir='ltr'>humanis</span> <span class='ocrx_word' id='word_1_159' title='bbox 353 2671 435 2730; x_wconf 88' lang='lat' dir='ltr'>vesci</span> <span class='ocrx_word' id='word_1_160' title='bbox 458 2670 537 2730; x_wconf 90' lang='lat' dir='ltr'>licet.</span> <span class='ocrx_word' id='word_1_161' title='bbox 571 2669 701 2730; x_wconf 91' lang='lat' dir='ltr'>Attonito</span> <span class='ocrx_word' id='word_1_162' title='bbox 722 2689 807 2749; x_wconf 87' lang='lat' dir='ltr'>quum</span> 
     </span>
    </p>

    <p class='ocr_par' dir='ltr' id='par_1_21' title="bbox 38 2751 773 2832">
     <span class='ocr_line' id='line_1_28' title="bbox 38 2751 773 2832; baseline 0.001 -22"><span class='ocrx_word' id='word_1_163' title='bbox 38 2751 102 2814; x_wconf 84' lang='lat' dir='ltr'>lale</span> <span class='ocrx_word' id='word_1_164' title='bbox 129 2771 219 2832; x_wconf 91' lang='lat' dir='ltr'>super</span> <span class='ocrx_word' id='word_1_165' title='bbox 241 2770 362 2824; x_wconf 90' lang='lat' dir='ltr'>coenam</span> <span class='ocrx_word' id='word_1_166' title='bbox 388 2753 499 2814; x_wconf 82' lang='lat' dir='ltr'>lacinus</span> <span class='ocrx_word' id='word_1_167' title='bbox 520 2763 650 2814; x_wconf 90' lang='lat' dir='ltr'>narraret</span> <span class='ocrx_word' id='word_1_168' title='bbox 670 2753 773 2814; x_wconf 88' lang='lat' dir='ltr'>Ulixes</span> 
     </span>
    </p>

    <p class='ocr_par' dir='ltr' id='par_1_22' title="bbox 40 2835 1021 2998">
     <span class='ocr_line' id='line_1_29' title="bbox 40 2835 1021 2916; baseline -0.004 -23"><span class='ocrx_word' id='word_1_169' title='bbox 40 2836 177 2913; x_wconf 78' lang='lat' dir='ltr'>Alcinoo,</span> <span class='ocrx_word' id='word_1_170' title='bbox 203 2835 290 2897; x_wconf 92' lang='lat' dir='ltr'>bilem</span> <span class='ocrx_word' id='word_1_171' title='bbox 313 2846 360 2897; x_wconf 90' lang='lat' dir='ltr'>aut</span> <span class='ocrx_word' id='word_1_172' title='bbox 378 2838 466 2896; x_wconf 89' lang='lat' dir='ltr'>risum</span> <span class='ocrx_word' id='word_1_173' title='bbox 489 2837 614 2896; x_wconf 80' lang='lat' dir='ltr'>fortasse</span> <span class='ocrx_word' id='word_1_174' title='bbox 639 2836 808 2916; x_wconf 87' lang='lat' dir='ltr'>quibusdam</span> <span class='ocrx_word' id='word_1_175' title='bbox 990 2839 1021 2890; x_wconf 85' lang='lat'>15</span> 
     </span>
     <span class='ocr_line' id='line_1_30' title="bbox 40 2916 852 2998; baseline 0.001 -21"><span class='ocrx_word' id='word_1_176' title='bbox 40 2916 181 2995; x_wconf 88' lang='lat' dir='ltr'>Noverat,</span> <span class='ocrx_word' id='word_1_177' title='bbox 205 2929 236 2980; x_wconf 93' lang='lat' dir='ltr'>ut</span> <span class='ocrx_word' id='word_1_178' title='bbox 255 2920 379 2981; x_wconf 84' lang='lat' dir='ltr'>mendax</span> <span class='ocrx_word' id='word_1_179' title='bbox 401 2921 583 2998; x_wconf 87' lang='lat' dir='ltr'>aretalogus:</span> <span class='ocrx_word' id='word_1_180' title='bbox 613 2920 644 2982; x_wconf 90' lang='lat' dir='ltr'>lu</span> <span class='ocrx_word' id='word_1_181' title='bbox 667 2939 745 2981; x_wconf 89' lang='lat' dir='ltr'>mare</span> <span class='ocrx_word' id='word_1_182' title='bbox 768 2936 852 2980; x_wconf 90' lang='lat' dir='ltr'>nemo</span> 
     </span>
    </p>

    <p class='ocr_par' dir='ltr' id='par_1_23' title="bbox 42 2999 826 3082">
     <span class='ocr_line' id='line_1_31' title="bbox 42 2999 826 3082; baseline 0.004 -22"><span class='ocrx_word' id='word_1_183' title='bbox 42 2999 113 3064; x_wconf 91' lang='lat' dir='ltr'>llunc</span> <span class='ocrx_word' id='word_1_184' title='bbox 139 3003 246 3080; x_wconf 89' lang='lat' dir='ltr'>abicit,</span> <span class='ocrx_word' id='word_1_185' title='bbox 268 3022 357 3066; x_wconf 90' lang='lat' dir='ltr'>saeva</span> <span class='ocrx_word' id='word_1_186' title='bbox 379 3006 494 3082; x_wconf 84' lang='lat' dir='ltr'>dignum</span> <span class='ocrx_word' id='word_1_187' title='bbox 516 3023 646 3082; x_wconf 88' lang='lat' dir='ltr'>veraque</span> <span class='ocrx_word' id='word_1_188' title='bbox 668 3002 826 3080; x_wconf 79' lang='lat' dir='ltr'>Charybdi,</span> 
     </span>
    </p>

    <p class='ocr_par' dir='ltr' id='par_1_24' title="bbox 44 3081 900 3167">
     <span class='ocr_line' id='line_1_32' title="bbox 44 3081 900 3167; baseline 0.004 -25"><span class='ocrx_word' id='word_1_189' title='bbox 44 3081 204 3164; x_wconf 82' lang='lat' dir='ltr'>lingentem</span> <span class='ocrx_word' id='word_1_190' title='bbox 225 3089 362 3148; x_wconf 91' lang='lat' dir='ltr'>immanes</span> <span class='ocrx_word' id='word_1_191' title='bbox 384 3087 599 3165; x_wconf 82' lang='lat' dir='ltr'>Laestrygonas</span> <span class='ocrx_word' id='word_1_192' title='bbox 621 3098 708 3167; x_wconf 90' lang='lat' dir='ltr'>atque</span> <span class='ocrx_word' id='word_1_193' title='bbox 729 3082 900 3165; x_wconf 80' lang='lat' dir='ltr'>Cyclopas?</span> 
     </span>
    </p>

    <p class='ocr_par' dir='ltr' id='par_1_25' title="bbox 46 3166 752 3248">
     <span class='ocr_line' id='line_1_33' title="bbox 46 3166 752 3248; baseline 0.008 -22"><span class='ocrx_word' id='word_1_194' title='bbox 46 3166 103 3230; x_wconf 90' lang='lat' dir='ltr'>Nam</span> <span class='ocrx_word' id='word_1_195' title='bbox 126 3174 211 3233; x_wconf 88' lang='lat' dir='ltr'>citius</span> <span class='ocrx_word' id='word_1_196' title='bbox 234 3173 363 3248; x_wconf 77' lang='lat' dir='ltr'>Scyllam</span> <span class='ocrx_word' id='word_1_197' title='bbox 384 3171 433 3231; x_wconf 86' lang='lat' dir='ltr'>vel</span> <span class='ocrx_word' id='word_1_198' title='bbox 456 3174 659 3232; x_wconf 91' lang='lat' dir='ltr'>concurrentia</span> <span class='ocrx_word' id='word_1_199' title='bbox 682 3191 752 3232; x_wconf 85' lang='lat' dir='ltr'>saxa</span> 
     </span>
    </p>
   </div>
   <div class='ocr_carea' id='block_1_6' title="bbox 47 3247 1021 3501">
    <p class='ocr_par' dir='ltr' id='par_1_26' title="bbox 47 3247 1021 3501">
     <span class='ocr_line' id='line_1_34' title="bbox 47 3247 1021 3335; baseline 0.004 -21"><span class='ocrx_word' id='word_1_200' title='bbox 47 3247 159 3326; x_wconf 71' lang='lat' dir='ltr'>Cyaneis</span> <span class='ocrx_word' id='word_1_201' title='bbox 183 3256 288 3335; x_wconf 90' lang='lat' dir='ltr'>plenos</span> <span class='ocrx_word' id='word_1_202' title='bbox 313 3265 342 3315; x_wconf 91' lang='lat' dir='ltr'>et</span> <span class='ocrx_word' id='word_1_203' title='bbox 362 3256 582 3332; x_wconf 91' lang='lat' dir='ltr'>tempestatibus</span> <span class='ocrx_word' id='word_1_204' title='bbox 606 3265 685 3315; x_wconf 91' lang='lat' dir='ltr'>utres</span> <span class='ocrx_word' id='word_1_205' title='bbox 985 3265 1021 3318; x_wconf 76' lang='lat'>20</span> 
     </span>
     <span class='ocr_line' id='line_1_35' title="bbox 48 3331 852 3416; baseline 0.001 -21"><span class='ocrx_word' id='word_1_206' title='bbox 48 3331 215 3399; x_wconf 73' lang='lat' dir='ltr'>Crediderim</span> <span class='ocrx_word' id='word_1_207' title='bbox 241 3349 288 3399; x_wconf 90' lang='lat' dir='ltr'>aut</span> <span class='ocrx_word' id='word_1_208' title='bbox 309 3339 386 3399; x_wconf 90' lang='lat' dir='ltr'>tenui</span> <span class='ocrx_word' id='word_1_209' title='bbox 410 3357 579 3416; x_wconf 89' lang='lat' dir='ltr'>percussum</span> <span class='ocrx_word' id='word_1_210' title='bbox 601 3338 728 3398; x_wconf 89' lang='lat' dir='ltr'>verbere</span> <span class='ocrx_word' id='word_1_211' title='bbox 752 3337 852 3398; x_wconf 81' lang='lat' dir='ltr'>Circes</span> 
     </span>
     <span class='ocr_line' id='line_1_36' title="bbox 49 3413 814 3501; baseline 0 -21"><span class='ocrx_word' id='word_1_212' title='bbox 49 3413 76 3476; x_wconf 79' lang='lat' dir='ltr'>Nl</span> <span class='ocrx_word' id='word_1_213' title='bbox 95 3441 156 3484; x_wconf 88' lang='lat' dir='ltr'>cum</span> <span class='ocrx_word' id='word_1_214' title='bbox 173 3423 331 3500; x_wconf 77' lang='lat' dir='ltr'>remigibus</span> <span class='ocrx_word' id='word_1_215' title='bbox 353 3423 506 3500; x_wconf 82' lang='lat' dir='ltr'>grunnisse</span> <span class='ocrx_word' id='word_1_216' title='bbox 528 3422 677 3501; x_wconf 84' lang='lat' dir='ltr'>Elpenora</span> <span class='ocrx_word' id='word_1_217' title='bbox 700 3423 814 3500; x_wconf 91' lang='lat' dir='ltr'>porcis:</span> 
     </span>
    </p>
   </div>
   <div class='ocr_carea' id='block_1_7' title="bbox 48 3496 862 3642">
    <p class='ocr_par' dir='ltr' id='par_1_27' title="bbox 48 3496 862 3642">
     <span class='ocr_line' id='line_1_37' title="bbox 48 3496 862 3642; baseline 0.023 -93"><span class='ocrx_word' id='word_1_218' title='bbox 48 3496 104 3563; x_wconf 73' lang='lat' dir='ltr'>Tam</span> <span class='ocrx_word' id='word_1_219' title='bbox 126 3508 209 3567; x_wconf 65' lang='lat' dir='ltr'>vacui</span> <span class='ocrx_word' id='word_1_220' title='bbox 232 3507 334 3586; x_wconf 85' lang='lat' dir='ltr'>eapitis</span> <span class='ocrx_word' id='word_1_221' title='bbox 357 3506 494 3584; x_wconf 92' lang='lat' dir='ltr'>populum</span> <span class='ocrx_word' id='word_1_222' title='bbox 514 3505 647 3567; x_wconf 91' lang='lat' dir='ltr'>Phaeaca</span> <span class='ocrx_word' id='word_1_223' title='bbox 671 3501 862 3642; x_wconf 41' lang='lat' dir='ltr'>putavitli]</span> 
     </span>
    </p>
   </div>
   <div class='ocr_carea' id='block_1_8' title="bbox 0 0 1244 4004">
    <p class='ocr_par' dir='ltr' id='par_1_28' title="bbox 0 0 1244 4004">
     <span class='ocr_line' id='line_1_38' title="bbox 0 0 1244 4004; baseline 0 0"><span class='ocrx_word' id='word_1_224' title='bbox 0 0 1244 4004; x_wconf 95' lang='lat' dir='ltr'> </span> 
     </span>
    </p>
   </div>
  </div>
 </body>
</html>
