2460 4004
219 289 259 349 62
550 299 585 344 n.
608 297 679 344 run.
703 298 889 344 ruvuunurs

219 438 369 500 l'asoendi.
406 435 479 510 Quid
502 453 585 513 agam
610 435 708 494 bruma
730 433 877 512 spirante?
903 435 985 514 quid,
1009 453 1075 513 oro,

220 522 295 596 Quid
318 522 410 582 dioam
436 520 564 598 scapulis
587 535 742 598 puerorum
765 518 901 596 aquilone
924 518 1082 580 Decembri

219 605 256 666 Et
278 601 422 684 pedibus?
444 604 544 663 durate
567 611 653 682 atque
675 610 847 679 exspectate
870 601 1008 662 cicadas?

219 690 343 764 Verum,
368 697 398 747 ut
419 685 599 761 dissimules,
626 693 656 744 ιι
677 686 771 744 mittas
794 694 910 761 cetera,
935 695 1039 764 quanto
1161 695 1186 750 lt

219 772 328 833 llletiris
351 772 462 850 pretio,
485 769 578 849 quod,
601 769 629 826 ni
650 768 702 827 tibi
724 767 838 828 deditus
861 787 956 828 essem

219 857 409 933 Devotusque
433 853 540 928 eliens,
565 867 639 913 uxor
660 859 708 910 tua
729 852 811 928 virgo
836 849 986 912 maneret?

220 940 285 998 Scis
309 947 406 1012 certe,
434 936 537 1014 quibus
561 935 615 994 ista
638 934 745 1009 modis,
769 952 852 1012 quam
876 953 966 1016 saepe
990 939 1104 1014 rogaris

220 1021 257 1081 Et
279 1039 353 1100 quae
378 1019 535 1098 pollicitus.
570 1017 739 1095 Fugientem
762 1035 851 1097 saepe
874 1019 999 1096 puellam

222 1105 366 1182 Amplexu
390 1103 486 1180 rapui;
509 1101 622 1161 tabulas
644 1118 759 1180 quoque
783 1111 901 1180 ruperat
924 1111 952 1161 et
975 1105 1029 1163 iam
1164 1114 1188 1168 tt

222 1187 374 1266 Signabat:
404 1195 463 1245 tota
488 1187 536 1244 vix
562 1185 619 1245 hoo
641 1201 698 1262 ego
726 1195 811 1245 noote
833 1185 954 1262 redemi,

228 1270 263 1330 le
293 1271 425 1349 plorante
448 1269 534 1327 loris:
575 1270 658 1327 testis
681 1267 747 1326 milri
773 1269 896 1329 lectulus
919 1279 949 1328 et
970 1279 1010 1346 tu,

222 1355 267 1414 Ad
291 1372 375 1432 quem
400 1353 533 1430 pervenit
554 1351 623 1410 lecti
647 1368 735 1410 sonus
758 1360 787 1410 et
809 1353 941 1412 dominae
962 1371 1031 1413 vox.

222 1437 359 1498 instabile
383 1454 417 1496 ao
440 1435 532 1495 dirimi
553 1444 687 1512 ooeptum
713 1443 741 1493 et
762 1436 817 1494 iam
842 1453 936 1513 paene
959 1437 1082 1497 solutum

223 1520 393 1597 Coniugium
416 1521 444 1578 in
465 1519 559 1578 multis
583 1517 714 1578 domibus
736 1521 862 1578 servavit
884 1519 1005 1579 adulter.
1165 1529 1191 1582 ιι

223 1603 287 1677 Quo
310 1613 338 1663 te
362 1599 563 1680 circumagas'i
586 1619 660 1679 quae
684 1603 773 1679 prima
794 1610 841 1661 aut
862 1603 960 1662 ultima
981 1601 1095 1682 ponas?

221 1687 335 1747 Nullum
361 1703 432 1763 ergo
457 1687 589 1744 meritum
612 1693 674 1759 est,
700 1686 812 1760 ingrate
836 1703 871 1745 ao
891 1686 1019 1764 perlide,
1042 1687 1158 1761 nullum,
1216 1700 1217 1752 l

223 1770 308 1844 Quod
330 1769 381 1828 tibi
404 1767 511 1828 liliolus
533 1768 581 1827 vel
604 1767 662 1827 lilia
686 1769 813 1827 nascitur
835 1787 872 1827 ex
894 1767 961 1828 me?

222 1854 314 1915 Tollis
342 1853 416 1912 enim
440 1861 469 1911 et
490 1850 572 1912 libris
596 1859 724 1911 actorum
747 1869 888 1930 spargere
911 1853 1021 1930 gaudes

222 1938 399 2015 Argumenta
419 1937 482 1995 viri.
514 1933 638 1994 Foribus
663 1935 809 2012 suspende
832 1953 967 2011 ooronas,
1168 1943 1219 2000 ιιι

222 2021 281 2081 lam
303 2029 386 2099 pater
410 2037 458 2080 es:
482 2018 627 2094 dedimus,
653 2019 730 2096 quod
753 2019 846 2080 lamae
868 2035 1021 2098 opponere
1040 2022 1151 2098 possis;
1219 1985 1220 2068 l

222 2104 286 2164 lura
308 2104 436 2182 parentis
458 2102 566 2177 habes,
590 2111 712 2180 propter
733 2120 778 2162 me
804 2103 943 2163 scriberis
966 2103 1064 2178 heres,

223 2186 360 2264 Legatum
382 2203 466 2246 omne
485 2187 582 2264 oapis,
604 2203 737 2244 necnon
761 2195 790 2245 et
813 2187 898 2246 dulce
922 2187 1069 2247 caducum.

224 2268 382 2330 Commoda
405 2277 559 2347 praeterea
582 2270 735 2346 iungentur
755 2269 842 2330 multa
864 2271 992 2346 caducis,

223 2356 254 2414 Si
276 2369 436 2427 numerum,
461 2353 485 2410 si
506 2360 566 2410 tres
589 2352 784 2430 implevero.“
823 2352 900 2413 lustu
921 2354 1042 2429 doloris,
1171 2363 1197 2418 tt

223 2435 370 2509 Naevole,
395 2452 482 2495 nausa
505 2435 559 2502 tui;
588 2444 687 2496 oontra
710 2445 804 2496 tamen
827 2437 876 2497 ille
899 2437 966 2518 quid
987 2435 1092 2497 affert?

266 2517 429 2596 „Neglegit
443 2527 529 2596 atque
551 2518 636 2578 alium
659 2519 795 2598 bipedem
817 2521 872 2580 sihi
895 2523 1007 2600 quaerit
1030 2521 1162 2582 asellum.

224 2602 304 2663 liaeo
329 2602 385 2661 soli
410 2603 562 2662 commissa
584 2602 636 2662 tibi
659 2604 757 2664 celare
781 2614 934 2679 memento,

223 2685 261 2746 llt
283 2685 386 2746 taoitus
409 2695 522 2746 nostras
545 2687 668 2746 intrate
691 2688 748 2764 lige
772 2688 931 2766 querellas;

223 2768 296 2831 Nam
317 2786 367 2828 res
388 2770 536 2830 mortifero
562 2779 607 2830 est
633 2771 763 2830 inimicus
785 2773 897 2850 pumice
921 2771 1004 2830 levis.
1173 2781 1220 2836 su

225 2852 280 2925 Qui
302 2853 389 2913 modo
412 2863 556 2914 secretum
579 2855 775 2929 commiserat,
799 2855 881 2915 ardet
900 2863 929 2914 et
952 2854 1021 2929 odit,
1219 2851 1220 2862 ’

224 2937 380 3016 Tamquam
401 2936 592 3015 prodiderim,
617 2937 756 3016 quidquid
777 2939 849 2998 scio.
887 2939 1008 2998 Sumere
1031 2937 1152 3015 ferrum,

224 3019 312 3080 Fuste
338 3021 453 3098 aperire
477 3029 577 3100 oaput,
603 3020 751 3080 oandelam
776 3038 926 3100 apponere
949 3019 1042 3081 valvis

224 3102 289 3162 Non
312 3103 435 3172 dubitat;
463 3123 518 3164 neo
542 3112 707 3163 contemnas
730 3113 777 3164 aut
798 3106 962 3184 despicias,
991 3103 1068 3182 quod

224 3185 276 3246 llis
295 3186 400 3265 opibus
422 3204 574 3266 numquam
600 3203 668 3246 cara
688 3196 733 3246 est
753 3205 864 3250 annona
886 3189 1001 3249 veneni.
1163 3199 1204 3251 10⁰

224 3268 306 3348 Ergo
328 3270 444 3331 occulta
466 3279 567 3346 teges,
589 3277 618 3328 ιι
640 3270 718 3330 ouria
737 3269 836 3331 llartis
857 3271 1013 3332 Athenis.“

226 3350 427 3428 OGorydou,
454 3350 608 3428 Corydon,
632 3362 777 3413 secretum
801 3355 896 3414 divitis
920 3355 1008 3414 ullum

226 3435 301 3496 llsse
323 3433 431 3514 putas?
458 3438 536 3496 servi
559 3445 589 3496 ut
610 3445 743 3515 taceant,
770 3439 894 3498 iumenta
916 3437 1082 3515 loquentur,

225 3517 262 3579 llt
284 3519 363 3578 canis
383 3527 413 3579 et
433 3528 535 3597 postes
557 3529 587 3582 et
608 3537 758 3581 marmora.
793 3520 904 3582 Claude
925 3521 1081 3598 fenestras,
