2480 4006
463 297 671 348 PRAEFATIO.
1033 299 1059 346 V

78 445 168 517 positos
178 446 203 500 iu
213 447 281 502 novis
293 445 390 501 demum
400 447 509 516 scriptis,
522 446 608 516 quibus
619 459 661 501 eos
674 451 745 515 poeta
755 445 898 510 intorsisset,
911 445 940 500 ab
953 445 1056 514 impora-

78 541 130 584 tore
140 530 164 584 iu
174 531 211 585 sui
221 529 336 600 temporis
349 529 497 585 notationem
513 536 625 599 acceptos
644 543 696 584 esse
706 528 804 593 volunt,
824 529 853 583 dc
864 528 964 585 Traiano
976 528 1056 598 potius

39 620 42 626 '
78 614 199 685 cogitasse
215 615 338 680 ridentur,
358 628 429 687 quem
448 615 560 686 Pyladem
577 614 715 668 saltatorem
733 613 757 666 in
774 613 865 668 deliciis
880 612 992 668 habubse
1009 611 1055 666 [tio

78 697 144 752 Cass.
156 697 259 752 LXVIII.
273 703 306 754 10
316 704 405 753 narrat.
438 698 526 753 Verum
543 699 606 752 euim
624 712 682 752 vero
699 711 777 768 neque
794 697 871 752 isfuit
881 696 1003 763 Traianus,
1015 695 1056 766 qui

76 781 197 836 histrionis
215 783 291 837 favori
308 783 471 853 praefecturas
487 789 511 838 et
529 782 664 837 tribunatus
688 780 839 852 indulgeret,
856 795 934 851 neque
948 779 993 835 sub
1008 778 1057 835 hoc

76 866 213 920 Iuvenalem
224 865 313 920 obiisse
325 872 418 920 certum
429 873 465 921 est
475 886 481 929 ;
493 866 557 938 quod
568 866 608 920 ubi
620 865 694 920 semel
706 865 735 920 ab
742 865 853 920 Hadriani
864 863 965 934 imperto
976 878 1052 918 remo·
1112 913 1117 921 .

74 950 125 1004 veri
142 955 228 1019 poetae
245 949 343 1004 exilium
360 965 459 1006 necesse
477 958 527 1015 est,
545 949 603 1004 nihil
615 955 654 1005 aut
665 949 797 1020 slmplicius
810 955 850 1004 aut
867 949 943 1003 tutius
954 947 1056 1012 videtur,

75 1049 148 1106 quam
158 1039 185 1087 ut
196 1033 312 1104 plurimos
325 1041 435 1090 auctores
447 1034 524 1090 secuti
535 1033 563 1088 ad
575 1032 738 1089 Domitianum
749 1033 882 1098 redeamus,
894 1046 966 1104 quem
976 1037 1000 1086 et
1011 1030 1057 1086 Pa·

75 1118 152 1172 ridem
169 1117 254 1172 ulcisci
270 1119 375 1172 manime
392 1125 579 1174 consentaneum
598 1123 648 1172 erat
659 1123 684 1170 et
700 1117 759 1172 illud
769 1117 867 1172 ultiouis
878 1131 969 1189 genus,
992 1114 1057 1186 quod

75 1208 147 1272 poeta
160 1207 272 1272 expertus
283 1208 327 1265 est,
339 1203 416 1257 multo
427 1201 506 1274 magis
520 1217 592 1274 quam
602 1201 728 1256 Traianum
739 1201 832 1264 decuit;
845 1201 919 1256 immo
929 1198 993 1253 baud
1005 1199 1056 1253 scio

76 1302 106 1340 an
117 1285 170 1355 lpse
180 1285 295 1340 Traianus
310 1286 389 1356 primo
400 1299 443 1358 per
460 1300 566 1341 errorem
583 1285 607 1340 iu
623 1285 773 1340 librariorum
790 1300 876 1340 manus
892 1282 997 1347 venerit,
1016 1281 1056 1354 qui

76 1368 174 1442 tpronni
185 1369 382 1439 appellaIIouem,
395 1385 442 1442 qua
451 1386 514 1425 unus
524 1384 608 1425 eorum
619 1385 677 1424 usus
687 1375 735 1432 est,
748 1368 909 1424 aDomiIiano
922 1366 952 1422 ad
963 1365 1064 1422 Traiani

76 1467 165 1510 uomeu
176 1452 353 1524 detorquerent.
384 1453 455 1525 Atqui
467 1453 616 1510 Domitianus
631 1454 652 1507 si
662 1453 798 1514 Iuvenalem
813 1467 916 1524 peregre
926 1449 1055 1521 ablegavit,

76 1537 140 1591 ultro
152 1535 272 1606 sequitur,
292 1544 319 1592 ut
330 1537 392 1593 mori
402 1537 442 1592 hic
459 1538 483 1592 ln
494 1539 565 1592 exilio
584 1553 632 1591 non
643 1538 761 1606 potuerit:
782 1536 869 1606 quippe
884 1542 908 1590 et
917 1531 1056 1604 posterioris

76 1621 162 1674 aetatis
172 1634 212 1672 res
220 1627 342 1690 tamquam
360 1622 470 1676 oculatus
480 1622 549 1676 testis
564 1620 637 1674 refert
655 1626 679 1675 et
689 1620 752 1690 ipsas
763 1619 860 1685 satiras,
878 1632 978 1690 quarum
989 1631 1055 1670 com·

76 1704 159 1774 plures
169 1717 265 1757 scenam
275 1701 367 1759 Romae
382 1704 484 1770 habent,
502 1709 558 1775 post
568 1703 697 1758 Domitiani
714 1704 811 1758 demum
827 1708 931 1757 mortem
945 1699 1055 1770 scripsit:

75 1793 199 1859 postremo
212 1787 350 1860 plerosque,
365 1805 425 1860 quos
436 1788 587 1843 Domitianus
597 1787 683 1842 Iniuste
693 1787 810 1852 eiecisset,
825 1786 906 1842 occiso
917 1786 967 1850 illo,
981 1799 1054 1856 quum

75 1872 156 1928 omnia
167 1885 228 1942 quac
239 1877 354 1927 statuerat
366 1873 390 1926 in
400 1873 494 1927 irritum
503 1872 653 1934 ducerentur,
666 1871 695 1924 de
706 1871 777 1925 exilio
789 1871 888 1925 rediisse
897 1869 1055 1939 lberonymm

75 1957 105 2012 ad
117 1954 207 2010 Euseb.
217 1954 308 2009 Chrou.
316 1953 355 2011 01.
366 1958 418 2012 ata
428 1960 544 2016 testatum
555 1952 641 2024 quibus
651 1953 696 2006 etsi
706 1969 769 2007 rmus
782 1952 910 2007 scholiasta
920 1951 1056 2007 iuvenalem

74 2041 166 2094 diserte
177 2024 268 2102 eximit,
281 2038 340 2092 alius
351 2053 400 2092 nou
410 2039 490 2092 minus
500 2037 563 2091 clare
572 2035 674 2091 eundem
680 2033 782 2092 Romam
793 2050 915 2090 reuersum
923 2033 1057 2090 Martialem

74 2137 148 2178 suum
160 2121 306 2177 desiderasse
321 2127 413 2189 narrat,
437 2121 476 2193 qri
493 2126 619 2192 postquam
634 2119 679 2174 sub
696 2119 788 2175 Neruae
804 2118 934 2190 pnmomia
950 2117 1058 2173 Bilbilim

76 2207 178 2277 potrIam
193 2206 303 2276 repetiit,
325 2205 380 2260 inde
397 2204 482 2278 Epigr.
498 2204 550 2262 llll.
570 2205 603 2259 18
618 2203 753 2258 Iuvenalem
769 2210 892 2276 tamquam
908 2201 1011 2258 alumno
1029 2200 1057 2256 In

76 2289 171 2344 Sobora
187 2295 303 2344 monam
313 2290 436 2357 salutavit,
452 2304 556 2360 moxque
568 2288 629 2342 Intra
639 2289 728 2357 primos
739 2288 832 2343 Traiani
847 2302 922 2342 anuos
933 2287 1022 2342 ibidem
1033 2284 1058 2339 in

77 2373 189 2444 Hispania
198 2373 314 2437 decessit3
326 2373 358 2428 cf.
365 2374 443 2444 lutpp.
450 2373 512 2428 Pliu.
522 2370 645 2442 Epistlll.
657 2377 705 2434 213
716 2369 787 2426 huius
798 2372 873 2444 igitur
884 2369 1057 2436 testimonium,

77 2458 141 2529 quod
152 2455 264 2512 Martialis
275 2457 404 2513 auctoritas
417 2456 548 2521 confirmat,
561 2455 663 2525 amplexi
674 2455 703 2510 ab
715 2455 788 2510 altero
800 2456 858 2510 illud
872 2453 944 2510 modo
955 2452 1058 2522 accipie·

77 2557 143 2606 mus,
162 2541 187 2595 iu
205 2556 252 2612 quo
268 2547 370 2613 uterque
386 2541 519 2608 consentit,
540 2545 595 2594 ante
605 2554 679 2594 auom
687 2538 826 2612 perrupta,
843 2538 891 2594 hoc
907 2537 1057 2593 estNernam

77 2635 101 2681 ct
116 2623 257 2688 Traianum,
269 2631 366 2694 poetam
376 2625 510 2696 relegatum
522 2637 588 2686 esse;
600 2623 684 2678 mortis
694 2629 805 2694 tempus,
818 2637 890 2694 quam
900 2621 976 2678 redux
988 2619 1056 2683 oblit,

77 2724 151 2781 quum
162 2707 207 2762 sub
219 2708 319 2763 Traiano
336 2707 393 2778 poni
403 2713 518 2780 nequeat,
536 2713 616 2762 utrum
635 2706 665 2762 ad
678 2706 789 2761 Hadriani
801 2723 831 2762 an
847 2705 912 2776 quod
928 2705 968 2784 ille
985 2703 1059 2757 tradit

77 2794 107 2849 ad
118 2791 231 2847 Antonini
242 2791 276 2846 Pii
290 2791 415 2862 imperium
425 2793 554 2862 perducat,
563 2791 587 2845 iu
599 2790 712 2860 ambiguo
722 2789 891 2859 reIInquemus.

164 2875 285 2939 Quantum
302 2875 377 2947 Igitur
387 2876 411 2930 in
423 2876 495 2930 tantis
510 2875 615 2929 tenebris
628 2873 694 2944 quasi
706 2887 748 2940 per
759 2877 910 2925 transennam
922 2868 1058 2938 aspicienti-

77 2962 123 3016 bus
136 2959 274 3014 conlectura
285 2959 377 3030 assequi
389 2959 459 3023 licet,
478 2958 627 3013 [tomitianus
638 2954 774 3010 Iuvenalem
785 2953 830 3008 sub
841 2953 942 3007 honesta
958 2951 1059 3006 militiae

77 3045 159 3116 specie
170 3043 267 3099 exulare
282 3044 364 3107 iussit,
384 3043 434 3098 sive
444 3043 499 3097 vivo
509 3041 606 3106 Paride,
625 3053 696 3110 quern
708 3043 789 3092 tamen
800 3037 879 3107 ipsum
894 3037 941 3090 iam
952 3050 974 3091 a.
985 3039 1019 3092 82
1031 3050 1058 3106 p.

77 3129 136 3185 Chr.
158 3127 268 3182 adulterii
285 3126 385 3181 mariue
400 3127 500 3197 periisse
515 3125 588 3180 tradit
604 3122 649 3178 llio
666 3121 732 3178 Cass.
746 3120 839 3177 LXVII.
852 3122 877 3187 3,
888 3120 939 3175 sive
950 3125 1056 3186 mortuo,

79 3213 135 3284 quia
146 3212 210 3266 illius
221 3210 317 3265 nomiue
334 3225 361 3265 se
379 3209 457 3265 notari
468 3207 620 3264 Domitianus
630 3207 804 3276 suspicaretur;
820 3203 868 3259 boc
883 3209 964 3258 autem
979 3203 1059 3272 posito

78 3298 98 3351 si
109 3296 205 3351 deloco
216 3295 280 3348 exilii
291 3295 440 3365 quaerimus,
452 3293 494 3348 vix
507 3291 678 3362 intelllgimus,
690 3288 811 3360 quomodo
825 3293 863 3343 tot
873 3287 983 3342 homiues
994 3285 1061 3342 docti

79 3381 152 3435 etiam
171 3393 237 3434 nunc
247 3379 383 3450 Aegyptum
399 3375 480 3432 Scotis
501 3378 538 3432 nel
550 3383 577 3431 ut
587 3389 617 3429 en
628 3373 697 3428 istius
710 3373 794 3435 aetatis
809 3387 855 3427 usu
871 3371 962 3426 rectius
973 3371 1060 3426 dicitur

80 3463 224 3519 Caledoniae
237 3462 354 3532 praeferre
372 3461 519 3526 sustiueant,
536 3473 607 3531 quam
619 3458 666 3512 iam
677 3457 702 3512 in
712 3457 753 3513 illo
764 3455 888 3528 prooemio
901 3454 1012 3510 omnibus
1023 3471 1061 3509 ra-

79 3545 186 3602 tionibus
196 3545 321 3600 subductis
336 3545 413 3601 multo
431 3543 512 3615 plures
528 3540 701 3614 probabilitatis
716 3555 830 3596 numeros
848 3537 937 3594 babere
955 3536 1062 3594 ostendi·

79 3643 141 3690 tbus.
165 3627 235 3684 llitto
248 3627 398 3698 Teutlclium,
410 3626 451 3700 qui
462 3625 616 3682 turlanda.
629 3625 698 3681 1845
709 3623 833 3692 l'.·llLlIl,
843 3637 869 3694 p.
882 3626 934 3680 109
947 3635 990 3690 pro
1002 3618 1060 3674 Tra-
