<?xml version="1.0" encoding="UTF-8"?>
<!DOCTYPE html PUBLIC "-//W3C//DTD XHTML 1.0 Transitional//EN"
    "http://www.w3.org/TR/xhtml1/DTD/xhtml1-transitional.dtd">
<html xmlns="http://www.w3.org/1999/xhtml" xml:lang="en" lang="en">
 <head>
  <title>
</title>
<meta http-equiv="Content-Type" content="text/html;charset=utf-8" />
  <meta name='ocr-system' content='tesseract 3.04.00' />
  <meta name='ocr-capabilities' content='ocr_page ocr_carea ocr_par ocr_line ocrx_word'/>
</head>
<body>
  <div class='ocr_page' id='page_1' title='image "./satirarumlibriq04juvegoog_0047.png"; bbox 0 0 2480 4006; ppageno 0'>
   <div class='ocr_carea' id='block_1_1' title="bbox 197 252 858 314">
    <p class='ocr_par' dir='ltr' id='par_1_1' title="bbox 197 252 858 314">
     <span class='ocr_line' id='line_1_1' title="bbox 197 252 858 314; baseline -0.009 0"><span class='ocrx_word' id='word_1_1' title='bbox 197 252 234 314; x_wconf 80' lang='lat'>12</span> <span class='ocrx_word' id='word_1_2' title='bbox 518 264 553 310; x_wconf 86' lang='lat' dir='ltr'>o.</span> <span class='ocrx_word' id='word_1_3' title='bbox 577 263 648 310; x_wconf 79' lang='lat' dir='ltr'>sorr.</span> <span class='ocrx_word' id='word_1_4' title='bbox 671 261 858 309; x_wconf 81' lang='lat' dir='ltr'>rnvuuanss</span> 
     </span>
    </p>
   </div>
   <div class='ocr_carea' id='block_1_2' title="bbox 81 401 997 482">
    <p class='ocr_par' dir='ltr' id='par_1_2' title="bbox 81 401 997 482">
     <span class='ocr_line' id='line_1_2' title="bbox 81 401 997 482; baseline -0.01 -15"><span class='ocrx_word' id='word_1_5' title='bbox 81 460 84 467; x_wconf 94' lang='lat'>.</span> <span class='ocrx_word' id='word_1_6' title='bbox 194 404 241 464; x_wconf 86' lang='lat' dir='ltr'>Nil</span> <span class='ocrx_word' id='word_1_7' title='bbox 261 403 313 464; x_wconf 90' lang='lat' dir='ltr'>tibi</span> <span class='ocrx_word' id='word_1_8' title='bbox 334 423 367 464; x_wconf 91' lang='lat' dir='ltr'>se</span> <span class='ocrx_word' id='word_1_9' title='bbox 388 403 499 464; x_wconf 90' lang='lat' dir='ltr'>debere</span> <span class='ocrx_word' id='word_1_10' title='bbox 520 411 619 482; x_wconf 87' lang='lat' dir='ltr'>putat,</span> <span class='ocrx_word' id='word_1_11' title='bbox 642 401 682 460; x_wconf 92' lang='lat' dir='ltr'>nil</span> <span class='ocrx_word' id='word_1_12' title='bbox 705 402 837 461; x_wconf 81' lang='lat' dir='ltr'>conferet</span> <span class='ocrx_word' id='word_1_13' title='bbox 854 417 997 478; x_wconf 90' lang='lat' dir='ltr'>umquam,</span> 
     </span>
    </p>
   </div>
   <div class='ocr_carea' id='block_1_3' title="bbox 193 485 1237 2996">
    <p class='ocr_par' dir='ltr' id='par_1_3' title="bbox 193 485 1191 983">
     <span class='ocr_line' id='line_1_3' title="bbox 194 485 925 566; baseline -0.008 -17"><span class='ocrx_word' id='word_1_14' title='bbox 194 489 366 566; x_wconf 87' lang='lat' dir='ltr'>Participem</span> <span class='ocrx_word' id='word_1_15' title='bbox 390 489 486 566; x_wconf 91' lang='lat' dir='ltr'>quite</span> <span class='ocrx_word' id='word_1_16' title='bbox 509 488 617 547; x_wconf 92' lang='lat' dir='ltr'>secreti</span> <span class='ocrx_word' id='word_1_17' title='bbox 636 486 707 545; x_wconf 85' lang='lat' dir='ltr'>lecit</span> <span class='ocrx_word' id='word_1_18' title='bbox 729 485 859 554; x_wconf 87' lang='lat' dir='ltr'>honesti;</span> <span class='ocrx_word' id='word_1_19' title='bbox 923 531 925 535; x_wconf 89' lang='lat'>.</span> 
     </span>
     <span class='ocr_line' id='line_1_4' title="bbox 195 568 1013 649; baseline -0.005 -17"><span class='ocrx_word' id='word_1_20' title='bbox 195 570 287 634; x_wconf 81' lang='lat' dir='ltr'>Carus</span> <span class='ocrx_word' id='word_1_21' title='bbox 306 573 361 630; x_wconf 86' lang='lat' dir='ltr'>erit</span> <span class='ocrx_word' id='word_1_22' title='bbox 380 571 482 647; x_wconf 85' lang='lat' dir='ltr'>Verri,</span> <span class='ocrx_word' id='word_1_23' title='bbox 504 571 552 649; x_wconf 92' lang='lat' dir='ltr'>qui</span> <span class='ocrx_word' id='word_1_24' title='bbox 573 569 697 630; x_wconf 80' lang='lat' dir='ltr'>Verrem</span> <span class='ocrx_word' id='word_1_25' title='bbox 718 577 849 647; x_wconf 91' lang='lat' dir='ltr'>tempore</span> <span class='ocrx_word' id='word_1_26' title='bbox 873 586 929 646; x_wconf 94' lang='lat' dir='ltr'>quo</span> <span class='ocrx_word' id='word_1_27' title='bbox 951 568 1013 628; x_wconf 85' lang='lat' dir='ltr'>vult</span> 
     </span>
     <span class='ocr_line' id='line_1_5' title="bbox 196 653 898 733; baseline -0.006 -19"><span class='ocrx_word' id='word_1_28' title='bbox 196 655 343 718; x_wconf 89' lang='lat' dir='ltr'>Accusare</span> <span class='ocrx_word' id='word_1_29' title='bbox 362 664 469 733; x_wconf 88' lang='lat' dir='ltr'>potest.</span> <span class='ocrx_word' id='word_1_30' title='bbox 508 653 589 714; x_wconf 86' lang='lat' dir='ltr'>Tanti</span> <span class='ocrx_word' id='word_1_31' title='bbox 606 653 657 712; x_wconf 91' lang='lat' dir='ltr'>tibi</span> <span class='ocrx_word' id='word_1_32' title='bbox 678 654 791 712; x_wconf 90' lang='lat' dir='ltr'>nonsit</span> <span class='ocrx_word' id='word_1_33' title='bbox 813 654 898 731; x_wconf 87' lang='lat' dir='ltr'>opaci</span> 
     </span>
     <span class='ocr_line' id='line_1_6' title="bbox 195 737 1191 816; baseline 0.001 -18"><span class='ocrx_word' id='word_1_34' title='bbox 195 737 291 799; x_wconf 90' lang='lat' dir='ltr'>Omnis</span> <span class='ocrx_word' id='word_1_35' title='bbox 313 756 401 798; x_wconf 91' lang='lat' dir='ltr'>arena</span> <span class='ocrx_word' id='word_1_36' title='bbox 424 737 495 816; x_wconf 88' lang='lat' dir='ltr'>Tagi</span> <span class='ocrx_word' id='word_1_37' title='bbox 515 737 650 816; x_wconf 89' lang='lat' dir='ltr'>quodque</span> <span class='ocrx_word' id='word_1_38' title='bbox 672 739 700 796; x_wconf 93' lang='lat' dir='ltr'>in</span> <span class='ocrx_word' id='word_1_39' title='bbox 717 755 796 797; x_wconf 91' lang='lat' dir='ltr'>mare</span> <span class='ocrx_word' id='word_1_40' title='bbox 814 737 940 796; x_wconf 85' lang='lat' dir='ltr'>volvitur</span> <span class='ocrx_word' id='word_1_41' title='bbox 961 753 1069 812; x_wconf 90' lang='lat' dir='ltr'>aurum,</span> <span class='ocrx_word' id='word_1_42' title='bbox 1148 749 1191 800; x_wconf 93' lang='grc'>55</span> 
     </span>
     <span class='ocr_line' id='line_1_7' title="bbox 193 821 957 900; baseline -0.007 -17"><span class='ocrx_word' id='word_1_43' title='bbox 193 823 230 883; x_wconf 91' lang='lat' dir='ltr'>Ut</span> <span class='ocrx_word' id='word_1_44' title='bbox 251 839 351 882; x_wconf 93' lang='lat' dir='ltr'>somno</span> <span class='ocrx_word' id='word_1_45' title='bbox 374 839 476 882; x_wconf 90' lang='lat' dir='ltr'>careas</span> <span class='ocrx_word' id='word_1_46' title='bbox 498 822 691 900; x_wconf 81' lang='lat' dir='ltr'>ponendaque</span> <span class='ocrx_word' id='word_1_47' title='bbox 712 821 839 900; x_wconf 89' lang='lat' dir='ltr'>praemia</span> <span class='ocrx_word' id='word_1_48' title='bbox 862 837 957 880; x_wconf 90' lang='lat' dir='ltr'>sumas</span> 
     </span>
     <span class='ocr_line' id='line_1_8' title="bbox 194 905 916 983; baseline -0.007 -16"><span class='ocrx_word' id='word_1_49' title='bbox 194 906 295 967; x_wconf 77' lang='lat' dir='ltr'>Tristis</span> <span class='ocrx_word' id='word_1_50' title='bbox 318 915 347 965; x_wconf 90' lang='lat' dir='ltr'>et</span> <span class='ocrx_word' id='word_1_51' title='bbox 368 922 505 982; x_wconf 89' lang='lat' dir='ltr'>amagno</span> <span class='ocrx_word' id='word_1_52' title='bbox 528 923 645 983; x_wconf 84' lang='lat' dir='ltr'>semper</span> <span class='ocrx_word' id='word_1_53' title='bbox 665 905 792 966; x_wconf 91' lang='lat' dir='ltr'>timearis</span> <span class='ocrx_word' id='word_1_54' title='bbox 814 906 916 965; x_wconf 89' lang='lat' dir='ltr'>amico.</span> 
     </span>
    </p>

    <p class='ocr_par' dir='ltr' id='par_1_4' title="bbox 193 988 1237 2996">
     <span class='ocr_line' id='line_1_9' title="bbox 236 988 1026 1067; baseline -0.004 -18"><span class='ocrx_word' id='word_1_55' title='bbox 236 992 318 1064; x_wconf 85' lang='lat' dir='ltr'>Quae</span> <span class='ocrx_word' id='word_1_56' title='bbox 340 1007 415 1049; x_wconf 92' lang='lat' dir='ltr'>nunc</span> <span class='ocrx_word' id='word_1_57' title='bbox 437 988 570 1049; x_wconf 85' lang='lat' dir='ltr'>divitibus</span> <span class='ocrx_word' id='word_1_58' title='bbox 592 1007 665 1065; x_wconf 91' lang='lat' dir='ltr'>gens</span> <span class='ocrx_word' id='word_1_59' title='bbox 686 990 888 1067; x_wconf 90' lang='lat' dir='ltr'>acceptissima</span> <span class='ocrx_word' id='word_1_60' title='bbox 909 988 1026 1063; x_wconf 90' lang='lat' dir='ltr'>nostris,</span> 
     </span>
     <span class='ocr_line' id='line_1_10' title="bbox 194 1073 960 1153; baseline -0.007 -18"><span class='ocrx_word' id='word_1_61' title='bbox 194 1075 231 1135; x_wconf 82' lang='lat' dir='ltr'>Et</span> <span class='ocrx_word' id='word_1_62' title='bbox 252 1090 326 1153; x_wconf 91' lang='lat' dir='ltr'>quos</span> <span class='ocrx_word' id='word_1_63' title='bbox 347 1075 506 1152; x_wconf 81' lang='lat' dir='ltr'>praecipue</span> <span class='ocrx_word' id='word_1_64' title='bbox 529 1073 651 1150; x_wconf 89' lang='lat' dir='ltr'>ingiam,</span> <span class='ocrx_word' id='word_1_65' title='bbox 674 1073 841 1152; x_wconf 79' lang='lat' dir='ltr'>properabo</span> <span class='ocrx_word' id='word_1_66' title='bbox 865 1073 960 1148; x_wconf 87' lang='lat' dir='ltr'>lateri,</span> 
     </span>
     <span class='ocr_line' id='line_1_11' title="bbox 194 1153 1237 1236; baseline -0.001 -18"><span class='ocrx_word' id='word_1_67' title='bbox 194 1158 257 1218; x_wconf 91' lang='lat' dir='ltr'>Nec</span> <span class='ocrx_word' id='word_1_68' title='bbox 279 1157 373 1236; x_wconf 91' lang='lat' dir='ltr'>pudor</span> <span class='ocrx_word' id='word_1_69' title='bbox 396 1155 530 1217; x_wconf 72' lang='lat' dir='ltr'>obstabit.</span> <span class='ocrx_word' id='word_1_70' title='bbox 576 1155 641 1216; x_wconf 90' lang='lat' dir='ltr'>Non</span> <span class='ocrx_word' id='word_1_71' title='bbox 662 1173 780 1236; x_wconf 89' lang='lat' dir='ltr'>possum</span> <span class='ocrx_word' id='word_1_72' title='bbox 801 1157 900 1233; x_wconf 90' lang='lat' dir='ltr'>ierre,</span> <span class='ocrx_word' id='word_1_73' title='bbox 924 1153 1063 1230; x_wconf 76' lang='lat' dir='ltr'>Quirites,</span> <span class='ocrx_word' id='word_1_74' title='bbox 1149 1164 1190 1218; x_wconf 86' lang='lat'>60</span> <span class='ocrx_word' id='word_1_75' title='bbox 1236 1212 1237 1233; x_wconf 52' lang='lat'>,</span> 
     </span>
     <span class='ocr_line' id='line_1_12' title="bbox 195 1235 1125 1321; baseline -0.008 -18"><span class='ocrx_word' id='word_1_76' title='bbox 195 1241 336 1303; x_wconf 80' lang='lat' dir='ltr'>Graecam</span> <span class='ocrx_word' id='word_1_77' title='bbox 355 1240 471 1314; x_wconf 85' lang='lat' dir='ltr'>urbem3</span> <span class='ocrx_word' id='word_1_78' title='bbox 496 1243 624 1318; x_wconf 84' lang='lat' dir='ltr'>quamvis</span> <span class='ocrx_word' id='word_1_79' title='bbox 648 1251 735 1319; x_wconf 91' lang='lat' dir='ltr'>quota</span> <span class='ocrx_word' id='word_1_80' title='bbox 757 1243 852 1321; x_wconf 89' lang='lat' dir='ltr'>portio</span> <span class='ocrx_word' id='word_1_81' title='bbox 874 1241 966 1300; x_wconf 88' lang='lat' dir='ltr'>faecis</span> <span class='ocrx_word' id='word_1_82' title='bbox 990 1235 1125 1298; x_wconf 87' lang='lat' dir='ltr'>Achaeil</span> 
     </span>
     <span class='ocr_line' id='line_1_13' title="bbox 193 1323 989 1404; baseline -0.008 -17"><span class='ocrx_word' id='word_1_83' title='bbox 193 1324 384 1404; x_wconf 89' lang='lat' dir='ltr'>Iampridem</span> <span class='ocrx_word' id='word_1_84' title='bbox 408 1325 498 1400; x_wconf 69' lang='lat' dir='ltr'>syrus</span> <span class='ocrx_word' id='word_1_85' title='bbox 519 1327 548 1384; x_wconf 95' lang='lat' dir='ltr'>in</span> <span class='ocrx_word' id='word_1_86' title='bbox 565 1324 691 1385; x_wconf 89' lang='lat' dir='ltr'>Tiberim</span> <span class='ocrx_word' id='word_1_87' title='bbox 714 1325 832 1386; x_wconf 86' lang='lat' dir='ltr'>delluxit</span> <span class='ocrx_word' id='word_1_88' title='bbox 854 1323 989 1399; x_wconf 91' lang='lat' dir='ltr'>Orontes,</span> 
     </span>
     <span class='ocr_line' id='line_1_14' title="bbox 193 1408 970 1486; baseline -0.005 -17"><span class='ocrx_word' id='word_1_89' title='bbox 193 1408 231 1469; x_wconf 83' lang='lat' dir='ltr'>llt</span> <span class='ocrx_word' id='word_1_90' title='bbox 253 1409 378 1486; x_wconf 81' lang='lat' dir='ltr'>linguam</span> <span class='ocrx_word' id='word_1_91' title='bbox 400 1418 429 1468; x_wconf 92' lang='lat' dir='ltr'>et</span> <span class='ocrx_word' id='word_1_92' title='bbox 450 1425 548 1468; x_wconf 89' lang='lat' dir='ltr'>mores</span> <span class='ocrx_word' id='word_1_93' title='bbox 572 1417 601 1468; x_wconf 91' lang='lat' dir='ltr'>et</span> <span class='ocrx_word' id='word_1_94' title='bbox 623 1427 686 1469; x_wconf 92' lang='lat' dir='ltr'>cum</span> <span class='ocrx_word' id='word_1_95' title='bbox 708 1410 826 1470; x_wconf 85' lang='lat' dir='ltr'>tibicine</span> <span class='ocrx_word' id='word_1_96' title='bbox 845 1408 970 1475; x_wconf 90' lang='lat' dir='ltr'>chordas</span> 
     </span>
     <span class='ocr_line' id='line_1_15' title="bbox 194 1491 899 1572; baseline 0 -20"><span class='ocrx_word' id='word_1_97' title='bbox 194 1491 333 1571; x_wconf 84' lang='lat' dir='ltr'>Obliquas</span> <span class='ocrx_word' id='word_1_98' title='bbox 352 1511 408 1552; x_wconf 92' lang='lat' dir='ltr'>nec</span> <span class='ocrx_word' id='word_1_99' title='bbox 427 1510 484 1552; x_wconf 94' lang='lat' dir='ltr'>non</span> <span class='ocrx_word' id='word_1_100' title='bbox 502 1493 624 1570; x_wconf 90' lang='lat' dir='ltr'>gentilia</span> <span class='ocrx_word' id='word_1_101' title='bbox 644 1502 777 1572; x_wconf 74' lang='lat' dir='ltr'>tympana</span> <span class='ocrx_word' id='word_1_102' title='bbox 800 1511 899 1553; x_wconf 91' lang='lat' dir='ltr'>secum</span> 
     </span>
     <span class='ocr_line' id='line_1_16' title="bbox 197 1576 1188 1657; baseline 0.001 -22"><span class='ocrx_word' id='word_1_103' title='bbox 197 1577 282 1637; x_wconf 79' lang='lat' dir='ltr'>Venit</span> <span class='ocrx_word' id='word_1_104' title='bbox 304 1585 333 1636; x_wconf 89' lang='lat' dir='ltr'>et</span> <span class='ocrx_word' id='word_1_105' title='bbox 351 1576 388 1636; x_wconf 92' lang='lat' dir='ltr'>ad</span> <span class='ocrx_word' id='word_1_106' title='bbox 411 1578 518 1636; x_wconf 91' lang='lat' dir='ltr'>circum</span> <span class='ocrx_word' id='word_1_107' title='bbox 541 1577 634 1637; x_wconf 91' lang='lat' dir='ltr'>iussas</span> <span class='ocrx_word' id='word_1_108' title='bbox 655 1586 788 1657; x_wconf 88' lang='lat' dir='ltr'>prostare</span> <span class='ocrx_word' id='word_1_109' title='bbox 811 1577 935 1656; x_wconf 87' lang='lat' dir='ltr'>puellas.</span> <span class='ocrx_word' id='word_1_110' title='bbox 1149 1584 1188 1636; x_wconf 86' lang='grc'>65</span> 
     </span>
     <span class='ocr_line' id='line_1_17' title="bbox 194 1659 1002 1740; baseline -0.002 -20"><span class='ocrx_word' id='word_1_111' title='bbox 194 1659 253 1736; x_wconf 91' lang='lat' dir='ltr'>lte,</span> <span class='ocrx_word' id='word_1_112' title='bbox 276 1659 380 1739; x_wconf 91' lang='lat' dir='ltr'>quibus</span> <span class='ocrx_word' id='word_1_113' title='bbox 402 1669 483 1738; x_wconf 87' lang='lat' dir='ltr'>grata</span> <span class='ocrx_word' id='word_1_114' title='bbox 508 1670 552 1720; x_wconf 92' lang='lat' dir='ltr'>est</span> <span class='ocrx_word' id='word_1_115' title='bbox 574 1661 652 1739; x_wconf 89' lang='lat' dir='ltr'>pieta</span> <span class='ocrx_word' id='word_1_116' title='bbox 674 1661 741 1740; x_wconf 92' lang='lat' dir='ltr'>lupa</span> <span class='ocrx_word' id='word_1_117' title='bbox 762 1661 885 1721; x_wconf 93' lang='lat' dir='ltr'>barbara</span> <span class='ocrx_word' id='word_1_118' title='bbox 906 1659 1002 1720; x_wconf 87' lang='lat' dir='ltr'>mitra!</span> 
     </span>
     <span class='ocr_line' id='line_1_18' title="bbox 194 1742 985 1822; baseline -0.001 -19"><span class='ocrx_word' id='word_1_119' title='bbox 194 1742 330 1804; x_wconf 88' lang='lat' dir='ltr'>Rusticus</span> <span class='ocrx_word' id='word_1_120' title='bbox 352 1743 402 1802; x_wconf 90' lang='lat' dir='ltr'>ille</span> <span class='ocrx_word' id='word_1_121' title='bbox 426 1753 489 1804; x_wconf 90' lang='lat' dir='ltr'>tuus</span> <span class='ocrx_word' id='word_1_122' title='bbox 513 1747 596 1804; x_wconf 91' lang='lat' dir='ltr'>sumit</span> <span class='ocrx_word' id='word_1_123' title='bbox 617 1744 825 1822; x_wconf 91' lang='lat' dir='ltr'>trecbedipna,</span> <span class='ocrx_word' id='word_1_124' title='bbox 850 1743 985 1820; x_wconf 83' lang='lat' dir='ltr'>Quirine,</span> 
     </span>
     <span class='ocr_line' id='line_1_19' title="bbox 195 1827 803 1890; baseline 0.002 -4"><span class='ocrx_word' id='word_1_125' title='bbox 195 1827 232 1887; x_wconf 79' lang='lat' dir='ltr'>m</span> <span class='ocrx_word' id='word_1_126' title='bbox 254 1829 430 1888; x_wconf 86' lang='lat' dir='ltr'>ceromatico</span> <span class='ocrx_word' id='word_1_127' title='bbox 451 1828 510 1889; x_wconf 84' lang='lat' dir='ltr'>lert</span> <span class='ocrx_word' id='word_1_128' title='bbox 530 1830 670 1890; x_wconf 92' lang='lat' dir='ltr'>niceteria</span> <span class='ocrx_word' id='word_1_129' title='bbox 692 1828 803 1888; x_wconf 78' lang='lat' dir='ltr'>collol&#39;</span> 
     </span>
     <span class='ocr_line' id='line_1_20' title="bbox 195 1911 934 1990; baseline -0.001 -18"><span class='ocrx_word' id='word_1_130' title='bbox 195 1911 248 1972; x_wconf 88' lang='lat' dir='ltr'>llic</span> <span class='ocrx_word' id='word_1_131' title='bbox 270 1911 327 1972; x_wconf 93' lang='lat' dir='ltr'>alta</span> <span class='ocrx_word' id='word_1_132' title='bbox 346 1913 489 1990; x_wconf 80' lang='lat' dir='ltr'>Sicyone,</span> <span class='ocrx_word' id='word_1_133' title='bbox 512 1922 558 1972; x_wconf 88' lang='lat' dir='ltr'>ast</span> <span class='ocrx_word' id='word_1_134' title='bbox 575 1913 623 1972; x_wconf 90' lang='lat' dir='ltr'>hic</span> <span class='ocrx_word' id='word_1_135' title='bbox 645 1913 797 1986; x_wconf 81' lang='lat' dir='ltr'>Amydone</span> <span class='ocrx_word' id='word_1_136' title='bbox 819 1911 934 1985; x_wconf 90' lang='lat' dir='ltr'>relicta,</span> 
     </span>
     <span class='ocr_line' id='line_1_21' title="bbox 195 1994 1189 2072; baseline 0.004 -18"><span class='ocrx_word' id='word_1_137' title='bbox 195 1995 248 2054; x_wconf 89' lang='lat' dir='ltr'>llic</span> <span class='ocrx_word' id='word_1_138' title='bbox 270 1995 387 2071; x_wconf 92' lang='lat' dir='ltr'>Andro,</span> <span class='ocrx_word' id='word_1_139' title='bbox 411 1997 461 2056; x_wconf 94' lang='lat' dir='ltr'>ille</span> <span class='ocrx_word' id='word_1_140' title='bbox 484 1994 585 2072; x_wconf 87' lang='lat' dir='ltr'>Samo,</span> <span class='ocrx_word' id='word_1_141' title='bbox 611 1997 657 2057; x_wconf 90' lang='lat' dir='ltr'>bic</span> <span class='ocrx_word' id='word_1_142' title='bbox 681 1995 825 2056; x_wconf 82' lang='lat' dir='ltr'>Trallibus</span> <span class='ocrx_word' id='word_1_143' title='bbox 848 2004 895 2054; x_wconf 95' lang='lat' dir='ltr'>aut</span> <span class='ocrx_word' id='word_1_144' title='bbox 913 1995 1083 2071; x_wconf 82' lang='lat' dir='ltr'>Alabandis,</span> <span class='ocrx_word' id='word_1_145' title='bbox 1149 2003 1189 2058; x_wconf 85' lang='lat' dir='ltr'>to</span> 
     </span>
     <span class='ocr_line' id='line_1_22' title="bbox 195 2079 948 2158; baseline 0.003 -21"><span class='ocrx_word' id='word_1_146' title='bbox 195 2079 341 2156; x_wconf 79' lang='lat' dir='ltr'>Esquilias</span> <span class='ocrx_word' id='word_1_147' title='bbox 361 2080 525 2158; x_wconf 90' lang='lat' dir='ltr'>dictumque</span> <span class='ocrx_word' id='word_1_148' title='bbox 548 2089 648 2158; x_wconf 86' lang='lat' dir='ltr'>petunt</span> <span class='ocrx_word' id='word_1_149' title='bbox 665 2099 681 2139; x_wconf 89' lang='lat' dir='ltr'>a</span> <span class='ocrx_word' id='word_1_150' title='bbox 702 2081 807 2138; x_wconf 86' lang='lat' dir='ltr'>vimine</span> <span class='ocrx_word' id='word_1_151' title='bbox 832 2079 948 2155; x_wconf 93' lang='lat' dir='ltr'>collem,</span> 
     </span>
     <span class='ocr_line' id='line_1_23' title="bbox 195 2161 962 2242; baseline 0.003 -22"><span class='ocrx_word' id='word_1_152' title='bbox 195 2161 317 2222; x_wconf 89' lang='lat' dir='ltr'>Viscera</span> <span class='ocrx_word' id='word_1_153' title='bbox 335 2181 501 2238; x_wconf 89' lang='lat' dir='ltr'>magnarum</span> <span class='ocrx_word' id='word_1_154' title='bbox 524 2163 657 2222; x_wconf 90' lang='lat' dir='ltr'>domuum</span> <span class='ocrx_word' id='word_1_155' title='bbox 679 2163 844 2242; x_wconf 89' lang='lat' dir='ltr'>dominique</span> <span class='ocrx_word' id='word_1_156' title='bbox 866 2163 962 2222; x_wconf 87' lang='lat' dir='ltr'>futuri.</span> 
     </span>
     <span class='ocr_line' id='line_1_24' title="bbox 195 2245 880 2324; baseline 0.001 -19"><span class='ocrx_word' id='word_1_157' title='bbox 195 2245 344 2322; x_wconf 79' lang='lat' dir='ltr'>Ingenium</span> <span class='ocrx_word' id='word_1_158' title='bbox 365 2245 470 2321; x_wconf 87' lang='lat' dir='ltr'>velox,</span> <span class='ocrx_word' id='word_1_159' title='bbox 494 2247 614 2306; x_wconf 92' lang='lat' dir='ltr'>audacia</span> <span class='ocrx_word' id='word_1_160' title='bbox 637 2247 764 2324; x_wconf 91' lang='lat' dir='ltr'>perdita,</span> <span class='ocrx_word' id='word_1_161' title='bbox 785 2265 880 2307; x_wconf 93' lang='lat' dir='ltr'>sermo</span> 
     </span>
     <span class='ocr_line' id='line_1_25' title="bbox 195 2329 1009 2410; baseline -0.001 -20"><span class='ocrx_word' id='word_1_162' title='bbox 195 2329 347 2408; x_wconf 88' lang='lat' dir='ltr'>Promptus</span> <span class='ocrx_word' id='word_1_163' title='bbox 367 2337 396 2388; x_wconf 86' lang='lat' dir='ltr'>et</span> <span class='ocrx_word' id='word_1_164' title='bbox 417 2329 502 2390; x_wconf 91' lang='lat' dir='ltr'>isaeo</span> <span class='ocrx_word' id='word_1_165' title='bbox 524 2331 689 2389; x_wconf 87' lang='lat' dir='ltr'>torrentior.</span> <span class='ocrx_word' id='word_1_166' title='bbox 734 2329 816 2408; x_wconf 89' lang='lat' dir='ltr'>Ede,</span> <span class='ocrx_word' id='word_1_167' title='bbox 840 2331 908 2410; x_wconf 94' lang='lat' dir='ltr'>quid</span> <span class='ocrx_word' id='word_1_168' title='bbox 930 2331 1009 2390; x_wconf 89' lang='lat' dir='ltr'>illum</span> 
     </span>
     <span class='ocr_line' id='line_1_26' title="bbox 195 2407 1186 2491; baseline 0.003 -18"><span class='ocrx_word' id='word_1_169' title='bbox 195 2411 271 2473; x_wconf 84' lang='lat' dir='ltr'>Esse</span> <span class='ocrx_word' id='word_1_170' title='bbox 292 2409 396 2491; x_wconf 87' lang='lat' dir='ltr'>putesl</span> <span class='ocrx_word' id='word_1_171' title='bbox 419 2414 549 2491; x_wconf 84' lang='lat' dir='ltr'>quemvis</span> <span class='ocrx_word' id='word_1_172' title='bbox 570 2411 713 2474; x_wconf 91' lang='lat' dir='ltr'>hominem</span> <span class='ocrx_word' id='word_1_173' title='bbox 733 2433 833 2475; x_wconf 90' lang='lat' dir='ltr'>secum</span> <span class='ocrx_word' id='word_1_174' title='bbox 855 2407 1005 2476; x_wconf 78' lang='lat' dir='ltr'>attulit&#39;ad</span> <span class='ocrx_word' id='word_1_175' title='bbox 1024 2431 1094 2472; x_wconf 90' lang='lat' dir='ltr'>nos:</span> <span class='ocrx_word' id='word_1_176' title='bbox 1150 2422 1186 2476; x_wconf 85' lang='grc'>75</span> 
     </span>
     <span class='ocr_line' id='line_1_27' title="bbox 197 2495 1105 2578; baseline 0 -21"><span class='ocrx_word' id='word_1_177' title='bbox 197 2495 418 2573; x_wconf 84' lang='lat' dir='ltr'>Grammaticus,</span> <span class='ocrx_word' id='word_1_178' title='bbox 442 2497 556 2573; x_wconf 88' lang='lat' dir='ltr'>rhetor,</span> <span class='ocrx_word' id='word_1_179' title='bbox 577 2507 763 2576; x_wconf 83' lang='lat' dir='ltr'>geometres,</span> <span class='ocrx_word' id='word_1_180' title='bbox 786 2501 900 2578; x_wconf 91' lang='lat' dir='ltr'>pictor,</span> <span class='ocrx_word' id='word_1_181' title='bbox 924 2498 1040 2577; x_wconf 86' lang='lat' dir='ltr'>aliptes,</span> <span class='ocrx_word' id='word_1_182' title='bbox 1103 2501 1105 2505; x_wconf 85' lang='lat'>&#39;</span> 
     </span>
     <span class='ocr_line' id='line_1_28' title="bbox 196 2579 1087 2662; baseline 0 -22"><span class='ocrx_word' id='word_1_183' title='bbox 196 2581 312 2658; x_wconf 90' lang='lat' dir='ltr'>Augur,</span> <span class='ocrx_word' id='word_1_184' title='bbox 336 2579 567 2656; x_wconf 90' lang='lat' dir='ltr'>schoenobates,</span> <span class='ocrx_word' id='word_1_185' title='bbox 591 2582 737 2659; x_wconf 89' lang='lat' dir='ltr'>medicus,</span> <span class='ocrx_word' id='word_1_186' title='bbox 756 2602 872 2662; x_wconf 87' lang='lat' dir='ltr'>magus:</span> <span class='ocrx_word' id='word_1_187' title='bbox 896 2583 990 2642; x_wconf 90' lang='lat' dir='ltr'>omnia</span> <span class='ocrx_word' id='word_1_188' title='bbox 1007 2582 1087 2641; x_wconf 84' lang='lat' dir='ltr'>norit</span> 
     </span>
     <span class='ocr_line' id='line_1_29' title="bbox 197 2662 973 2742; baseline -0.003 -16"><span class='ocrx_word' id='word_1_189' title='bbox 197 2662 356 2726; x_wconf 81' lang='lat' dir='ltr'>Graeculus</span> <span class='ocrx_word' id='word_1_190' title='bbox 378 2665 527 2735; x_wconf 90' lang='lat' dir='ltr'>esuriens;</span> <span class='ocrx_word' id='word_1_191' title='bbox 549 2666 577 2723; x_wconf 93' lang='lat' dir='ltr'>in</span> <span class='ocrx_word' id='word_1_192' title='bbox 601 2666 732 2742; x_wconf 91' lang='lat' dir='ltr'>coelum,</span> <span class='ocrx_word' id='word_1_193' title='bbox 753 2668 890 2742; x_wconf 91' lang='lat' dir='ltr'>iusseris,</span> <span class='ocrx_word' id='word_1_194' title='bbox 913 2665 973 2724; x_wconf 87' lang='lat' dir='ltr'>ibit.</span> 
     </span>
     <span class='ocr_line' id='line_1_30' title="bbox 194 2747 1141 2829; baseline 0.001 -21"><span class='ocrx_word' id='word_1_195' title='bbox 194 2747 227 2808; x_wconf 96' lang='lat' dir='ltr'>ln</span> <span class='ocrx_word' id='word_1_196' title='bbox 250 2765 374 2823; x_wconf 91' lang='lat' dir='ltr'>summa,</span> <span class='ocrx_word' id='word_1_197' title='bbox 394 2765 452 2808; x_wconf 93' lang='lat' dir='ltr'>non</span> <span class='ocrx_word' id='word_1_198' title='bbox 465 2747 582 2809; x_wconf 85' lang='lat' dir='ltr'>Maurus</span> <span class='ocrx_word' id='word_1_199' title='bbox 603 2759 666 2810; x_wconf 89' lang='lat' dir='ltr'>erat</span> <span class='ocrx_word' id='word_1_200' title='bbox 686 2769 782 2829; x_wconf 91' lang='lat' dir='ltr'>neque</span> <span class='ocrx_word' id='word_1_201' title='bbox 805 2753 934 2810; x_wconf 85' lang='lat' dir='ltr'>Sarmata</span> <span class='ocrx_word' id='word_1_202' title='bbox 953 2767 1010 2808; x_wconf 91' lang='lat' dir='ltr'>nec</span> <span class='ocrx_word' id='word_1_203' title='bbox 1033 2749 1141 2826; x_wconf 83' lang='lat' dir='ltr'>Thrax,</span> 
     </span>
     <span class='ocr_line' id='line_1_31' title="bbox 196 2831 1187 2910; baseline 0.007 -20"><span class='ocrx_word' id='word_1_204' title='bbox 196 2831 251 2906; x_wconf 86' lang='lat' dir='ltr'>Qui</span> <span class='ocrx_word' id='word_1_205' title='bbox 270 2833 391 2910; x_wconf 89' lang='lat' dir='ltr'>sumpsit</span> <span class='ocrx_word' id='word_1_206' title='bbox 412 2833 531 2910; x_wconf 91' lang='lat' dir='ltr'>pinnas,</span> <span class='ocrx_word' id='word_1_207' title='bbox 553 2834 656 2894; x_wconf 91' lang='lat' dir='ltr'>mediis</span> <span class='ocrx_word' id='word_1_208' title='bbox 675 2834 727 2894; x_wconf 89' lang='lat' dir='ltr'>sed</span> <span class='ocrx_word' id='word_1_209' title='bbox 749 2843 832 2894; x_wconf 91' lang='lat' dir='ltr'>natus</span> <span class='ocrx_word' id='word_1_210' title='bbox 854 2833 987 2892; x_wconf 88' lang='lat' dir='ltr'>Athenis.</span> <span class='ocrx_word' id='word_1_211' title='bbox 1149 2843 1187 2897; x_wconf 83' lang='lat'>80</span> 
     </span>
     <span class='ocr_line' id='line_1_32' title="bbox 195 2915 1020 2996; baseline 0.002 -22"><span class='ocrx_word' id='word_1_212' title='bbox 195 2915 302 2974; x_wconf 89' lang='lat' dir='ltr'>Horum</span> <span class='ocrx_word' id='word_1_213' title='bbox 323 2934 380 2993; x_wconf 85' lang='lat' dir='ltr'>ego</span> <span class='ocrx_word' id='word_1_214' title='bbox 400 2934 456 2976; x_wconf 94' lang='lat' dir='ltr'>non</span> <span class='ocrx_word' id='word_1_215' title='bbox 478 2917 585 2996; x_wconf 86' lang='lat' dir='ltr'>logiam</span> <span class='ocrx_word' id='word_1_216' title='bbox 609 2915 782 2993; x_wconf 79' lang='lat' dir='ltr'>conchylia?</span> <span class='ocrx_word' id='word_1_217' title='bbox 802 2936 848 2976; x_wconf 86' lang='lat' dir='ltr'>rne</span> <span class='ocrx_word' id='word_1_218' title='bbox 870 2918 949 2994; x_wconf 92' lang='lat' dir='ltr'>prior</span> <span class='ocrx_word' id='word_1_219' title='bbox 971 2916 1020 2976; x_wconf 92' lang='lat' dir='ltr'>ille</span> 
     </span>
    </p>
   </div>
   <div class='ocr_carea' id='block_1_4' title="bbox 98 2998 904 3079">
    <p class='ocr_par' dir='ltr' id='par_1_5' title="bbox 98 2998 904 3079">
     <span class='ocr_line' id='line_1_33' title="bbox 98 2998 904 3079; baseline -0.001 -19"><span class='ocrx_word' id='word_1_220' title='bbox 98 3055 101 3060; x_wconf 90' lang='lat'>.</span> <span class='ocrx_word' id='word_1_221' title='bbox 196 2998 326 3076; x_wconf 90' lang='lat' dir='ltr'>Signabit</span> <span class='ocrx_word' id='word_1_222' title='bbox 345 3000 493 3079; x_wconf 82' lang='lat' dir='ltr'>lultusque&#39;</span> <span class='ocrx_word' id='word_1_223' title='bbox 515 3011 580 3061; x_wconf 92' lang='lat' dir='ltr'>toro</span> <span class='ocrx_word' id='word_1_224' title='bbox 602 3001 724 3061; x_wconf 90' lang='lat' dir='ltr'>meliore</span> <span class='ocrx_word' id='word_1_225' title='bbox 744 3000 904 3076; x_wconf 88' lang='lat' dir='ltr'>recumbet,</span> 
     </span>
    </p>
   </div>
   <div class='ocr_carea' id='block_1_5' title="bbox 196 3080 1185 3580">
    <p class='ocr_par' dir='ltr' id='par_1_6' title="bbox 196 3080 998 3164">
     <span class='ocr_line' id='line_1_34' title="bbox 196 3080 998 3164; baseline 0.002 -23"><span class='ocrx_word' id='word_1_226' title='bbox 196 3081 345 3142; x_wconf 81' lang='lat' dir='ltr'>Advectos</span> <span class='ocrx_word' id='word_1_227' title='bbox 367 3082 487 3145; x_wconf 87' lang='lat' dir='ltr'>Romam</span> <span class='ocrx_word' id='word_1_228' title='bbox 510 3103 567 3164; x_wconf 95' lang='lat' dir='ltr'>quo</span> <span class='ocrx_word' id='word_1_229' title='bbox 589 3103 680 3163; x_wconf 90' lang='lat' dir='ltr'>pruna</span> <span class='ocrx_word' id='word_1_230' title='bbox 702 3093 732 3143; x_wconf 91' lang='lat' dir='ltr'>et</span> <span class='ocrx_word' id='word_1_231' title='bbox 755 3093 871 3144; x_wconf 90' lang='lat' dir='ltr'>cottona</span> <span class='ocrx_word' id='word_1_232' title='bbox 888 3080 998 3144; x_wconf 75' lang='lat' dir='ltr'>vento?</span> 
     </span>
    </p>

    <p class='ocr_par' dir='ltr' id='par_1_7' title="bbox 196 3163 1185 3413">
     <span class='ocr_line' id='line_1_35' title="bbox 198 3163 1066 3246; baseline 0 -20"><span class='ocrx_word' id='word_1_233' title='bbox 198 3163 297 3244; x_wconf 88' lang='lat' dir='ltr'>Usque</span> <span class='ocrx_word' id='word_1_234' title='bbox 319 3168 394 3228; x_wconf 90' lang='lat' dir='ltr'>adeo</span> <span class='ocrx_word' id='word_1_235' title='bbox 417 3169 486 3230; x_wconf 92' lang='lat' dir='ltr'>nibil</span> <span class='ocrx_word' id='word_1_236' title='bbox 510 3179 570 3244; x_wconf 86' lang='lat' dir='ltr'>est,</span> <span class='ocrx_word' id='word_1_237' title='bbox 594 3169 672 3246; x_wconf 88' lang='lat' dir='ltr'>quod</span> <span class='ocrx_word' id='word_1_238' title='bbox 694 3177 793 3228; x_wconf 92' lang='lat' dir='ltr'>nostra</span> <span class='ocrx_word' id='word_1_239' title='bbox 815 3167 931 3228; x_wconf 85' lang='lat' dir='ltr'>infantia</span> <span class='ocrx_word' id='word_1_240' title='bbox 951 3167 1066 3228; x_wconf 91' lang='lat' dir='ltr'>coelum</span> 
     </span>
     <span class='ocr_line' id='line_1_36' title="bbox 196 3247 1185 3328; baseline 0.007 -20"><span class='ocrx_word' id='word_1_241' title='bbox 196 3247 297 3309; x_wconf 89' lang='lat' dir='ltr'>Hausit</span> <span class='ocrx_word' id='word_1_242' title='bbox 318 3250 469 3328; x_wconf 85' lang='lat' dir='ltr'>Aventini,</span> <span class='ocrx_word' id='word_1_243' title='bbox 493 3252 585 3312; x_wconf 91' lang='lat' dir='ltr'>bacca</span> <span class='ocrx_word' id='word_1_244' title='bbox 603 3252 707 3310; x_wconf 86' lang='lat' dir='ltr'>nutrita</span> <span class='ocrx_word' id='word_1_245' title='bbox 724 3249 851 3312; x_wconf 81' lang='lat' dir='ltr'>Sabina?</span> <span class='ocrx_word' id='word_1_246' title='bbox 1007 3267 1009 3272; x_wconf 80' lang='grc'>’</span> <span class='ocrx_word' id='word_1_247' title='bbox 1150 3262 1185 3315; x_wconf 81' lang='grc'>85</span> 
     </span>
     <span class='ocr_line' id='line_1_37' title="bbox 198 3331 983 3413; baseline 0.003 -21"><span class='ocrx_word' id='word_1_248' title='bbox 198 3331 272 3406; x_wconf 80' lang='lat' dir='ltr'>Quid</span> <span class='ocrx_word' id='word_1_249' title='bbox 296 3335 373 3412; x_wconf 88' lang='lat' dir='ltr'>quod</span> <span class='ocrx_word' id='word_1_250' title='bbox 392 3335 524 3396; x_wconf 89' lang='lat' dir='ltr'>adulandi</span> <span class='ocrx_word' id='word_1_251' title='bbox 546 3353 619 3412; x_wconf 85' lang='lat' dir='ltr'>gens</span> <span class='ocrx_word' id='word_1_252' title='bbox 642 3334 863 3413; x_wconf 89' lang='lat' dir='ltr'>prudentissima</span> <span class='ocrx_word' id='word_1_253' title='bbox 886 3334 983 3395; x_wconf 86' lang='lat' dir='ltr'>laudat</span> 
     </span>
    </p>

    <p class='ocr_par' dir='ltr' id='par_1_8' title="bbox 198 3417 913 3494">
     <span class='ocr_line' id='line_1_38' title="bbox 198 3417 913 3494; baseline 0.001 -18"><span class='ocrx_word' id='word_1_254' title='bbox 198 3417 369 3478; x_wconf 87' lang='lat' dir='ltr'>Sermonem</span> <span class='ocrx_word' id='word_1_255' title='bbox 386 3419 510 3492; x_wconf 89' lang='lat' dir='ltr'>indocti,</span> <span class='ocrx_word' id='word_1_256' title='bbox 531 3417 636 3478; x_wconf 84' lang='lat' dir='ltr'>faciem</span> <span class='ocrx_word' id='word_1_257' title='bbox 656 3417 796 3478; x_wconf 81' lang='lat' dir='ltr'>deformis</span> <span class='ocrx_word' id='word_1_258' title='bbox 819 3420 913 3494; x_wconf 91' lang='lat' dir='ltr'>amici,</span> 
     </span>
    </p>

    <p class='ocr_par' dir='ltr' id='par_1_9' title="bbox 200 3497 953 3580">
     <span class='ocr_line' id='line_1_39' title="bbox 200 3497 953 3580; baseline 0 -20"><span class='ocrx_word' id='word_1_259' title='bbox 200 3497 373 3580; x_wconf 73' lang='lat' dir='ltr'>biturgum</span> <span class='ocrx_word' id='word_1_260' title='bbox 394 3501 511 3560; x_wconf 87' lang='lat' dir='ltr'>invalidi</span> <span class='ocrx_word' id='word_1_261' title='bbox 533 3501 638 3562; x_wconf 89' lang='lat' dir='ltr'>collum</span> <span class='ocrx_word' id='word_1_262' title='bbox 662 3501 826 3562; x_wconf 86' lang='lat' dir='ltr'>cervicibus</span> <span class='ocrx_word' id='word_1_263' title='bbox 848 3510 953 3580; x_wconf 89' lang='lat' dir='ltr'>aequat</span> 
     </span>
    </p>
   </div>
   <div class='ocr_carea' id='block_1_6' title="bbox 0 0 1248 4004">
    <p class='ocr_par' dir='ltr' id='par_1_10' title="bbox 0 0 1248 4004">
     <span class='ocr_line' id='line_1_40' title="bbox 0 0 1248 4004; baseline 0 0"><span class='ocrx_word' id='word_1_264' title='bbox 0 0 1248 4004; x_wconf 95' lang='lat' dir='ltr'> </span> 
     </span>
    </p>
   </div>
   <div class='ocr_carea' id='block_1_7' title="bbox 1237 3443 1241 3968">
    <p class='ocr_par' dir='ltr' id='par_1_11' title="bbox 1237 3443 1241 3968">
     <span class='ocr_line' id='line_1_41' title="bbox 1237 3443 1241 3968; baseline 0 0"><span class='ocrx_word' id='word_1_265' title='bbox 1237 3443 1241 3968; x_wconf 95' lang='lat' dir='ltr'> </span> 
     </span>
    </p>
   </div>
   <div class='ocr_carea' id='block_1_8' title="bbox 1236 3455 1240 3968">
    <p class='ocr_par' dir='ltr' id='par_1_12' title="bbox 1236 3455 1240 3968">
     <span class='ocr_line' id='line_1_42' title="bbox 1236 3455 1240 3968; baseline 0 0"><span class='ocrx_word' id='word_1_266' title='bbox 1236 3455 1240 3968; x_wconf 95' lang='lat' dir='ltr'> </span> 
     </span>
    </p>
   </div>
   <div class='ocr_carea' id='block_1_9' title="bbox 1237 3455 1242 3968">
    <p class='ocr_par' dir='ltr' id='par_1_13' title="bbox 1237 3455 1242 3968">
     <span class='ocr_line' id='line_1_43' title="bbox 1237 3455 1242 3968; baseline 0 0"><span class='ocrx_word' id='word_1_267' title='bbox 1237 3455 1242 3968; x_wconf 95' lang='lat' dir='ltr'> </span> 
     </span>
    </p>
   </div>
   <div class='ocr_carea' id='block_1_10' title="bbox 1237 3455 1244 3968">
    <p class='ocr_par' dir='ltr' id='par_1_14' title="bbox 1237 3455 1244 3968">
     <span class='ocr_line' id='line_1_44' title="bbox 1237 3455 1244 3968; baseline 0 0"><span class='ocrx_word' id='word_1_268' title='bbox 1237 3455 1244 3968; x_wconf 95' lang='lat' dir='ltr'> </span> 
     </span>
    </p>
   </div>
  </div>
 </body>
</html>
