2460 4004
238 255 280 316 66
583 265 712 312 o.1uu.
736 264 921 311 ruvununrs

242 405 390 466 Mandaret
412 404 546 482 laqueum
567 403 751 480 mediumque
777 402 947 461 ostenderet
968 420 1102 478 unguem..

240 487 320 566 Ergo
347 505 528 566 supervacua
553 495 602 546 aut
625 487 674 546 vel
698 487 865 564 perniciosa
886 493 1030 562 petuntur,

240 573 365 650 Propter
387 589 460 650 quae
484 569 529 630 las
553 579 600 629 est
621 587 718 646 genua
741 571 873 628 incerare
898 569 1027 628 deorum.
1195 583 1220 632 55

284 653 431 728 Quosdam
453 654 625 732 praecipitat
648 652 779 712 subiecta
801 653 930 730 potentia
952 669 1074 728 magnae

239 739 384 806 Invidiae;
410 737 514 814 mergit
539 737 627 814 longa
651 746 737 814 atque
760 737 879 812 insignis
901 736 1041 796 honorum

239 823 356 899 Pagina.
391 819 579 880 Descendunt
601 829 713 880 suasae
738 827 905 897 restemque
927 827 1100 898 sequuntur,

240 906 324 984 lpsas
349 903 452 964 deinde
475 911 555 962 rotas
578 902 709 980 bigarum
733 905 856 982 impacta
876 905 992 962 securis

241 987 343 1048 Caedit
365 997 395 1047 et
417 987 563 1045 immeritis
586 986 754 1064 merguntur
777 1004 860 1046 crura
885 985 1020 1046 caballis:
1191 997 1216 1049 tt

239 1071 297 1131 lam
324 1071 445 1130 strident
469 1070 568 1147 ignes,
594 1071 649 1129 iam
671 1070 788 1130 follibus
812 1078 898 1148 atque
922 1070 1060 1130 caminis,

241 1155 333 1214 Ardet
357 1154 503 1214 adoratum
527 1153 639 1232 populo
665 1164 750 1232 caput
777 1163 806 1214 et
828 1161 931 1232 crepat
950 1154 1056 1230 ingens

241 1239 378 1305 Seiunus;
407 1235 511 1298 deinde
539 1255 577 1296 ex
598 1236 677 1296 iacie
696 1246 760 1298 toto
783 1236 856 1297 orbe
879 1237 1007 1297 secunda
1079 1285 1082 1290 .

240 1321 323 1381 Fiunt
345 1320 474 1397 urceoli,
496 1319 617 1398 pelves,
642 1330 774 1398 sartago,
799 1320 945 1380 matellae.

240 1405 319 1465 Pone
347 1404 423 1463 domi
446 1405 559 1480 laurus,
582 1403 638 1464 duc
663 1405 691 1463 in
715 1403 858 1483 Capitolia
878 1421 1012 1484 magnum
1191 1412 1212 1465 o

242 1486 447 1565 cretatumque
467 1487 590 1548 bovem:
613 1488 734 1548 Seiarms
757 1489 868 1548 ducitur
890 1505 966 1546 unco
1218 1489 1220 1518 ⁴

241 1571 438 1650 spectandus:
462 1571 589 1649 gaudent
610 1589 726 1631 omnes:
751 1571 832 1645 Quae
853 1569 950 1646 lubre,
973 1571 1037 1649 quis
1058 1570 1102 1630 illi

241 1656 344 1715 Vultus
366 1655 444 1714 erat!
470 1673 635 1733 numquam,
660 1657 687 1714 si
710 1656 777 1732 quid
799 1655 867 1714 milri
891 1654 1003 1729 credis,
1028 1655 1120 1714 amavi

242 1739 322 1798 lluno
343 1738 501 1798 hominem!
528 1739 580 1798 sed
602 1754 661 1816 quo
685 1738 791 1798 cecidit
816 1737 869 1796 sub
893 1734 1032 1797 crimine?
1056 1740 1183 1816 quisnam

242 1820 383 1882 Delator‘l
416 1821 518 1900 quibas
548 1822 685 1898 indiciis,
725 1838 782 1899 quo
807 1829 883 1880 teste
906 1817 1063 1900 probavit?
1085 1856 1127 1867 -
1190 1828 1211 1881 to

241 1905 288 1965 Nil
311 1905 427 1965 horum:
450 1904 576 1965 verbosa
600 1915 629 1964 et
648 1905 766 1982 mandis
792 1905 917 1983 epistola
941 1905 1021 1964 uenit

242 1990 268 2049 Α
287 1987 418 2068 Capreis.
433 2021 475 2035 -
490 1988 569 2049 Bene
583 1987 688 2056 louhen
711 1989 752 2048 nil
768 1989 834 2068 plus
845 1990 1006 2066 interrogo.
1021 2024 1062 2036 -
1085 1989 1144 2049 Sed
1160 1985 1209 2066 quil

242 2072 338 2132 Turba
360 2069 464 2132 llemil
502 2073 639 2151 Sequitur
660 2073 804 2132 fortunam
825 2082 856 2132 nt
878 2090 995 2152 semper
1017 2081 1048 2133 et
1069 2073 1129 2134 odit
1218 2087 1219 2096 ³

243 2157 415 2224 Damnatos;
440 2154 515 2216 idem
535 2156 681 2234 populus,
707 2158 733 2216 si
754 2155 854 2216 Nortia
875 2155 971 2216 Tusco
990 2217 1001 2230 ,
1218 2149 1219 2160 ¹

242 2239 392 2315 Favisset,
416 2241 440 2298 si
467 2256 610 2317 oppressa
631 2239 708 2300 toret
730 2257 833 2300 secura
858 2249 994 2300 senectus

243 2322 400 2400 Principis,
427 2321 482 2382 hac
503 2324 566 2400 ipsa
589 2323 723 2383 Seianum
745 2324 857 2384 diceret
881 2323 954 2384 hora

244 2406 414 2482 Augustum.
453 2403 512 2464 lam
533 2407 662 2484 pridem,
682 2426 722 2467 ex
748 2423 805 2486 quo
827 2407 966 2484 sutfragia
987 2406 1058 2466 nulli

247 2488 417 2565 Vendimus,
437 2488 538 2549 eliudit
558 2509 660 2560 curas;
683 2508 747 2550 nam
772 2491 820 2568 qui
840 2489 926 2551 dabat
951 2489 1018 2549 olim

243 2573 413 2650 imperium,
439 2571 554 2651 fasces,
579 2575 731 2653 legiones,
756 2575 866 2649 omnia,
889 2592 964 2634 nunc
987 2593 1020 2633 se

243 2654 379 2716 Continet
403 2665 490 2736 atque
516 2658 586 2719 duas
608 2667 715 2718 tantum
736 2675 785 2716 res
807 2659 907 2718 anxius
933 2666 1023 2736 optat,

244 2740 348 2800 Panem
373 2748 402 2800 et
425 2743 583 2801 circenses.
606 2774 648 2786 —
669 2741 817 2800 Perituros
841 2741 926 2801 audio
945 2740 1063 2800 multos.

243 2822 290 2883 Nil
314 2822 444 2901 dubium,
471 2843 574 2904 magna
595 2832 641 2883 est
661 2823 826 2893 iornacula;
850 2824 1005 2903 pallidulus
1029 2825 1066 2882 mi

205 2969 209 2980 ,
243 2906 385 2967 Brutidius
409 2926 490 2968 meus
512 2907 547 2968 ad
568 2905 668 2966 Martis
689 2909 743 2967 fuit
766 2907 869 2967 obvius
890 2926 979 2968 aram.

243 2990 334 3064 Quam
359 2991 464 3068 timeo,
486 2993 580 3051 victus
604 3009 642 3050 ne
665 3008 776 3070 poenas
800 2992 900 3068 exigat
921 2991 995 3051 Aiax

242 3073 280 3134 Ut
300 3075 375 3135 male
396 3075 548 3137 defensus!
576 3091 723 3134 curramus
747 3077 924 3153 praecipites
947 3084 987 3150 et,

243 3157 316 3217 llum
340 3160 417 3220 iacet
439 3159 467 3216 in
489 3158 568 3236 ripa,
594 3157 740 3217 calcemus
765 3155 899 3218 Caesaris
922 3158 1045 3219 hostem.

243 3241 302 3301 Sed
323 3242 441 3301 videant
462 3241 556 3316 servi,
575 3258 614 3299 ne
636 3242 700 3320 quis
722 3251 811 3318 neget
827 3251 856 3301 et
876 3242 1011 3320 pavidum
1033 3243 1061 3300 in
1083 3241 1126 3300 ius

243 3321 368 3384 Cervioe
393 3324 533 3384 obstricta
554 3323 697 3384 dominum
719 3324 821 3386 trahat.
848 3359 891 3372 —·
910 3324 947 3384 lii
969 3342 1119 3384 sermones

243 3406 323 3466 Tunc
345 3406 382 3466 de
403 3406 526 3484 Seiano,
550 3416 666 3469 secreta
689 3409 765 3469 haec
790 3425 932 3468 murmura
956 3408 1046 3485 vulgi.

242 3489 333 3548 Visne
355 3489 474 3550 salutari
497 3492 571 3552 sicut
593 3489 737 3552 Seianus?
762 3491 871 3552 habere
