2480 4006
193 237 255 284 vm
578 238 786 286 PRAEFATIO·
894 288 897 293 .

190 381 225 436 ris
235 380 437 452 locupletissImus
448 388 532 438 aoetm
541 384 599 438 satis
610 385 686 451 eavit,
698 391 725 438 ut
736 383 833 438 exilium
844 390 930 454 poetae
940 399 954 438 a
964 385 1049 438 mortis
1058 392 1166 456 temporo

188 463 359 537 sdrmgamum
376 480 448 537 quern
464 466 528 538 quod
544 466 585 522 ille
599 468 681 524 statim
691 473 747 538 post
758 473 871 538 acceptos
885 467 1009 522 codicillos
1018 467 1098 524 anino
1110 485 1165 524 cou-

188 553 321 604 sternatum
332 563 362 604 ex
373 549 522 622 aegriwdiue
533 550 621 606 obiisse
631 552 716 613 iactat,
734 566 766 606 ne
777 551 799 605 si
809 551 935 606 Traianum
946 552 1043 623 quidem
1052 553 1164 607 retinere·

189 647 258 700 mus,
271 631 326 687 leni
338 639 433 703 posset,
450 634 505 705 quia
515 634 650 689 Iuvenalem
667 635 696 690 ad
707 635 852 690 Hadrianum
867 650 943 706 usque
959 636 1046 690 nauso
1063 644 1162 704 constat,

189 716 277 771 nedum
290 716 311 771 si
322 715 497 782 Domitianum,
516 733 563 788 quo
579 725 675 773 mortuo
690 719 825 788 inpatriam
846 733 967 774 reversum
984 734 1037 774 esse
1051 721 1090 774 vel
1106 721 1164 790 lapis

188 799 229 855 ille
245 801 339 872 arguit;
361 802 426 872 atqui
442 815 473 855 ne
483 800 530 855 hoc
546 802 642 871 quidem
660 816 744 856 omnes
760 801 919 856 communiter
936 803 1043 869 tradunt,
1060 804 1102 858 sed
1120 803 1164 858 etsi

188 889 281 938 mature
301 883 364 953 apud
377 885 549 956 grammaticos
565 899 592 939 ea
609 885 690 955 opinio
711 885 838 940 iuvaluisse
855 885 962 955 videtur,
983 893 1010 941 ut
1029 887 1100 941 exilio
1116 903 1163 942 non

188 967 229 1022 diu
244 973 366 1036 superstes
384 967 456 1022 luisse
466 968 616 1032 crederetur,
634 984 696 1023 uuus
712 975 792 1024 tamen
803 969 882 1038 ipsum
893 969 991 1024 exilium
1003 987 1016 1024 a
1028 969 1163 1026 Domitiano

188 1049 217 1104 ad
228 1048 374 1104 Antoninum
384 1065 459 1121 usque
473 1051 609 1118 continuat,
628 1053 688 1106 alter
702 1053 740 1107 vel
758 1060 932 1124 praematuram
942 1061 1045 1108 mortem
1061 1070 1116 1109 cum
1126 1069 1163 1108 re·
1238 1113 1239 1126 ,

187 1133 239 1189 ditu
255 1131 284 1187 ab
302 1133 374 1188 exilio
385 1133 477 1206 iungit;
495 1136 582 1206 quain
599 1136 740 1191 contorsione
756 1137 814 1192 nibil
830 1137 900 1192 uobis
910 1137 1061 1208 relinquitur,
1080 1139 1125 1192 uisi
1136 1147 1162 1192 ut

186 1223 265 1272 morte
275 1223 301 1271 et
317 1217 388 1272 exilio
398 1232 496 1286 prorsus
507 1220 569 1274 inter
579 1220 740 1290 sedisparatis
757 1222 899 1293 deutroqne
910 1221 934 1276 id
944 1235 1087 1292 sequamur,
1099 1223 1162 1292 quod

185 1307 228 1354 aut
238 1307 379 1372 argumenta
396 1315 427 1355 ex
442 1301 522 1358 sobria
538 1304 637 1358 testium
652 1305 828 1360 existimatione
844 1306 944 1374 repetita
969 1311 1010 1360 aut
1027 1313 1161 1376 temporum

186 1390 257 1438 notae
267 1383 326 1453 ipsis
337 1389 423 1454 poetae
433 1386 511 1441 satiris
521 1387 651 1457 impressae
660 1389 837 1444 commendent.

270 1467 335 1522 llaec
344 1474 424 1522 autem
441 1483 470 1524 eo
481 1471 561 1540 potius
571 1487 616 1526 nos
628 1473 777 1536 eonducuut,
796 1481 822 1527 ut
833 1486 916 1526 omnes
927 1488 986 1542 quas
995 1472 1112 1526 babemus
1124 1488 1161 1526 sa·

185 1552 242 1608 tiras
252 1557 307 1622 post
318 1551 415 1607 exilium
427 1552 524 1608 demum
540 1555 690 1627 reditumque
707 1572 738 1610 ex
748 1556 869 1610 Britannia
886 1555 986 1624 scriptas
1005 1569 1059 1610 esse
1069 1563 1160 1612 certum

185 1636 224 1691 sit.
255 1635 316 1690 Nam
327 1635 468 1690 Mmffnn
480 1639 532 1708 sere
548 1646 645 1694 oetotm
660 1654 778 1694 consensu
789 1640 886 1694 testium
901 1638 1051 1702 mnemia.
1068 1639 1115 1693 hoe
1126 1647 1161 1694 est

185 1719 393 1773 exercitationibus
403 1725 428 1772 et
439 1722 638 1776 ostentationibus
648 1721 773 1776 rhetoricis
785 1737 883 1791 operam
899 1722 977 1789 dedit,
994 1722 1070 1778 omna
1085 1723 1160 1794 mopr'r

184 1818 263 1867 cnseo,
271 1803 411 1876 pueroqwd
419 1803 512 1858 sunno
521 1821 547 1858 oe
557 1812 598 1859 ura
606 1805 827 1876 soromaepororet,
838 1806 897 1860 satis
905 1805 1018 1860 nimirum
1025 1807 1157 1872 commode,

184 1893 211 1941 ut
220 1886 292 1941 iidem
303 1888 454 1958 grammatici
465 1894 599 1952 testamur,
617 1903 666 1942 are
678 1889 786 1944 familiari
797 1890 954 1953 constitutus,
967 1891 1046 1962 utqui
1057 1890 1159 1945 libertem

183 1969 304 2042 loorapletis
314 1970 427 2026 incertum
434 1970 502 2042 liliata
511 1989 544 2027 on
554 1973 663 2027 alumnus
677 1973 711 2027 od
721 1973 834 2046 equestris
853 1973 947 2028 ordinis
957 1975 1095 2047 dipnr'tuem
1101 1991 1159 2045 per·

182 2055 300 2116 venisset,
322 2069 369 2124 quo
390 2056 504 2124 temporis
521 2057 598 2125 spatio
616 2057 687 2111 etiam
703 2071 760 2112 eum
776 2057 882 2112 blartiale
897 2057 1079 2114 lauriliaritatem
1094 2058 1160 2112 illam

183 2138 271 2200 ¹xtnxit,
291 2137 359 2190 euius
376 2135 415 2190 hic
432 2137 590 2193 honorificum
608 2147 632 2194 et
649 2155 725 2209 paene
742 2140 842 2196 dixerim
859 2141 959 2196 nimium
975 2149 1161 2197 monumentum

184 2219 266 2291 Epigr.
278 2219 327 2273 Vll.
339 2219 494 2292 dereliquit:
510 2237 589 2294 neque
599 2224 682 2278 amicis
698 2231 763 2278 certe
773 2224 933 2296 eloquentiam
944 2227 995 2280 eius
1010 2225 1161 2294 displicuisse

181 2303 281 2376 [numdi
291 2303 417 2372 appellatio
435 2306 496 2374 apud
508 2307 610 2361 eundem
627 2307 676 2362 llll.
687 2311 721 2365 91
733 2308 852 2370 declarat:
873 2324 904 2363 ex
914 2310 998 2364 eadem
1010 2315 1091 2363 autem
1101 2324 1160 2363 eon·

181 2386 308 2442 suetudine
318 2386 381 2442 baud
391 2387 441 2442 seio
458 2403 488 2444 an
498 2391 603 2460 primum
619 2392 687 2446 illum
698 2400 811 2447 conatum
828 2393 950 2462 poeticum
960 2399 1069 2462 repetere
1079 2393 1158 2458 liceat,

181 2485 253 2543 quem
263 2485 338 2542 qourn
347 2473 410 2526 vitae
420 2474 549 2543 scriptores
557 2476 766 2545 pmmnsmbam
775 2477 910 2546 appellent,
928 2476 1038 2547 equidem
1048 2477 1160 2546 superius

181 2555 211 2610 ad
221 2555 444 2626 epigrammaticum
456 2571 534 2628 genus
544 2573 657 2614 reuocare
667 2560 748 2616 malui.
759 2559 854 2630 Aliquid
863 2560 946 2630 utique
954 2561 1027 2614 etiarn
1038 2561 1160 2631 epigram-

181 2638 239 2692 mati
258 2653 313 2692 cum
325 2639 396 2693 satira
414 2655 543 2696 commuue
559 2649 608 2706 est,
627 2658 673 2698 uec
688 2643 752 2714 quod
766 2642 879 2698 blartialis
889 2643 920 2700 ll.
932 2646 967 2702 33
978 2645 1028 2699 suis
1039 2645 1159 2715 epigram-

180 2723 251 2776 matis
261 2722 411 2792 propositum
422 2739 475 2779 esse
485 2732 570 2790 iactat,
579 2743 680 2799 ponere
685 2743 805 2798 perenn,
818 2727 897 2783 dicere
906 2728 936 2783 de
946 2729 1018 2792 odiis,
1031 2729 1158 2782 satirarum

179 2805 282 2876 scriptor
293 2820 306 2860 a
317 2820 344 2861 se
361 2807 464 2863 alienum
479 2811 584 2880 putabitr
600 2811 653 2881 ipso
669 2817 749 2865 tamm
766 2825 856 2883 genere
871 2812 936 2867 aliud
951 2819 989 2866 est
999 2813 1157 2884 epigramma,

107 2929 109 2935 ,
179 2890 243 2961 quod
253 2905 284 2945 ne
300 2891 356 2945 vitia
367 2893 463 2963 quidem
474 2893 543 2949 aliter
553 2909 581 2949 ae
591 2894 676 2950 ludens
686 2895 777 2966 tangit,
798 2895 955 2960 aliudsatira,
975 2895 1088 2966 quaeubi
1100 2897 1159 2951 vitia

178 2973 324 3045 Insequitur,
341 2989 372 3029 ne
382 2991 495 3046 personas
505 2978 602 3049 quidem
612 2979 714 3034 intactas
725 2978 960 3049 relinquerepotest;
975 2993 1046 3048 quarn
1057 2978 1085 3032 ad
1099 2993 1159 3032 nor·

178 3072 242 3112 mam
258 3058 279 3113 si
294 3059 426 3116 uersiculos
436 3061 491 3116 illos
506 3075 549 3132 per
559 3076 587 3115 se
596 3061 661 3116 solos
677 3061 810 3132 exigimus,
822 3061 884 3115 baud
896 3060 946 3114 seio
958 3077 987 3115 an
998 3061 1064 3114 lusus
1074 3060 1158 3128 potius

178 3156 250 3213 mam
266 3143 388 3198 censoriae
398 3145 523 3215 gravitatis
533 3149 616 3199 notam
626 3151 727 3216 geraut;
740 3158 786 3198 nec
796 3144 860 3215 quod
871 3135 969 3198 eosdem
979 3142 1063 3196 maiori
1074 3150 1158 3212 poste·

177 3226 227 3280 rius
237 3226 324 3281 satirae
335 3227 453 3281 luvenalis
463 3226 575 3291 inseruit,
593 3227 815 3300 epigrammaticum
825 3227 921 3282 illorum
932 3227 1037 3282 indolem
1054 3226 1157 3291 urinuita

177 3310 252 3365 immo
269 3316 384 3379 quantum
394 3309 505 3380 equidem
520 3311 647 3378 seotio,iu
665 3311 716 3365 aliis
734 3326 830 3383 quoque
847 3311 974 3366 satirarum
985 3311 1036 3366 eius
1046 3311 1158 3380 partibus

175 3393 256 3446 lusum
268 3397 292 3444 et
303 3391 493 3462 indignationem
508 3400 558 3448 tam
570 3409 643 3466 aegre
659 3395 793 3461 discernas,
812 3402 839 3450 ut
858 3395 978 3450 interdum
993 3397 1157 3467 epigramma-

176 3478 229 3526 tum
239 3473 320 3541 potius
337 3475 423 3529 seriem
436 3475 489 3530 laxa
505 3480 677 3534 sententiarum
688 3481 845 3536 eontinuitate
861 3480 968 3535 iunctam
981 3480 1065 3551 legere
1075 3478 1158 3534 videa·

172 3554 223 3616 risa
241 3553 306 3624 quod
316 3555 357 3610 ubi
368 3557 397 3612 ad
413 3565 519 3616 veterem
529 3562 658 3620 iuuentutis
669 3565 867 3622 consuetudinem
883 3579 985 3634 revoco,
1004 3563 1158 3618 boctautum
