2460 4004
429 289 554 338 SATIRA
577 292 610 338 X.

47 431 79 491 Ut
101 431 198 508 pueris
223 430 342 507 placeas
365 438 394 488 et
416 430 589 488 declamatio
613 429 681 488 lias!

45 514 120 574 Unus
142 512 262 574 Pellaeo
284 514 380 572 iuveni
404 530 462 571 non
483 511 591 572 suflicit
613 512 708 582 orbis3

45 598 163 657 Aestuat
182 596 284 656 infelix
306 605 428 672 angusto
448 596 539 655 limite
562 595 667 670 mundi,

45 680 79 741 Ut
104 679 190 756 Gyari
214 679 330 740 clausus
353 679 483 756 scopulis
506 697 654 758 parvaque
678 678 820 757 Seripho:
976 691 1026 745 170

45 763 134 837 Quum
159 773 254 824 tamen
278 782 294 823 5
321 762 418 840 ligulis
439 764 572 822 munitam
595 764 745 824 intraverit
767 762 877 839 urbem,

43 847 231 926 Sarcopbago
254 855 407 906 contentus
432 847 496 906 erit.
529 845 608 905 blora
629 846 693 906 sola
714 847 830 926 fatetur,

43 930 184 1003 Quantula
210 931 266 990 sint
287 931 430 990 hominum
453 930 636 1008 corpuscula.
675 928 809 992 Creditur
831 931 899 992 olim

41 1013 211 1075 velificatus
233 1013 325 1074 Athos
350 1023 379 1074 et
402 1013 539 1092 quidquid
563 1012 685 1074 Graecia
706 1015 831 1074 mendax

40 1097 135 1158 Audet
157 1099 186 1156 in
208 1097 343 1173 historia,
366 1106 542 1158 constratum
564 1097 707 1158 classibus
729 1098 821 1158 isdem
975 1107 1026 1161 175

40 1181 284 1261 Suppositumque
308 1182 379 1241 rotis
403 1181 526 1242 solidum
548 1199 644 1249 mare;
673 1183 819 1243 credimus
841 1183 916 1242 altos

39 1263 196 1325 Delecisae
219 1283 318 1325 amnes
342 1275 487 1344 epotaque
510 1263 625 1326 flumina
650 1265 738 1327 tteto

40 1348 218 1424 Prandente,
242 1359 271 1409 et
296 1350 418 1411 madidis
445 1358 540 1410 cantat
563 1367 637 1428 quae
664 1350 812 1410 Sostratus
835 1350 897 1410 alis.

38 1431 91 1491 llle
115 1442 211 1493 tamen
234 1433 327 1512 qualis
350 1433 436 1493 rediit
459 1432 603 1493 Salamine
625 1432 739 1508 relicta,

39 1514 67 1574 lu
96 1514 205 1576 Gorum
227 1527 313 1594 atque
339 1514 446 1575 llcrum
472 1514 575 1574 solitus
599 1515 714 1574 saevire
739 1515 865 1592 flagellis
974 1527 1024 1579 185

38 1597 198 1675 Barbarus,
224 1600 330 1660 Aeolio
356 1615 507 1678 numquam
531 1598 589 1658 lroc
612 1599 640 1656 in
666 1615 787 1658 carcere
812 1615 928 1676 passos,

39 1681 135 1758 lpsum
158 1683 347 1761 compedibus
369 1686 417 1762 qui
439 1683 573 1742 vinxerat
594 1678 831 1759 Ennosigaeum?

38 1762 134 1826 llitius
161 1765 189 1826 id
211 1786 298 1833 sane:
322 1764 411 1846 quid?
435 1785 493 1827 non
518 1775 548 1826 et
571 1767 704 1843 stigmate
730 1766 845 1842 dignum

38 1846 190 1910 Credidit?
212 1850 279 1910 huic
306 1853 457 1928 quisquam
478 1850 571 1910 vellet
595 1851 707 1908 servire
730 1845 874 1908 deorum?

37 1929 97 1992 Sed
123 1933 217 2010 qualis
238 1931 347 1992 rediit?
371 1951 477 2010 nempe
500 1950 555 1991 una
578 1949 668 2006 nave,
697 1932 823 1990 cruentis
974 1941 1023 1995 185

36 2013 189 2075 Fluctibus
213 2032 248 2073 ac
273 2016 354 2074 tarda
375 2033 430 2092 per
453 2014 543 2074 densa
567 2013 710 2074 cadavera
736 2030 834 2091 prora.

36 2097 96 2156 llas
117 2099 205 2156 toties
225 2105 323 2174 optata
348 2098 447 2174 exegit
467 2097 563 2174 gloria
588 2096 717 2176 poenas!

75 2179 123 2239 Da
143 2181 265 2258 spatium
287 2181 380 2256 vitae,
409 2181 515 2240 multos
542 2180 595 2256 da,
619 2180 769 2259 luppiter,
792 2181 897 2242 annos!

37 2263 100 2324 lloc
123 2273 206 2324 recto
229 2263 325 2339 vultu,
356 2266 449 2328 solum
471 2265 528 2326 hoc
550 2273 580 2324 et
601 2263 727 2343 pallidus
750 2274 843 2343 optas.

38 2349 97 2408 Sed
127 2366 211 2426 qtram
234 2349 377 2408 continuis
402 2357 431 2408 ct
457 2349 568 2427 quantis
591 2347 678 2426 longa
702 2358 840 2408 senectus
976 2360 1025 2414 190

40 2431 127 2492 Plena
147 2431 244 2492 malis!
268 2431 428 2492 deformem
449 2442 479 2492 et
500 2441 604 2492 tetrum
625 2441 692 2494 ante
716 2434 810 2493 omnia
832 2433 939 2492 vultum

37 2513 273 2594 Dissimilemqne
299 2517 359 2592 sui,
384 2516 544 2578 deformem
570 2533 625 2596 pro
652 2525 718 2576 cute
742 2517 851 2596 pellem

39 2597 260 2678 Pendentesque
280 2619 372 2677 genas
393 2609 423 2660 et
449 2599 524 2662 tales
545 2601 646 2679 aspice
672 2619 772 2678 rugas,

40 2681 166 2758 Quales,
194 2683 368 2743 umbriferos
391 2683 439 2742 ubi
462 2684 561 2762 pandit
583 2683 735 2746 Thabraca
758 2684 857 2759 saltus,
923 2738 926 2746 .

39 2764 70 2825 ln
94 2767 192 2827 vetula
219 2767 324 2846 scalpit
345 2769 401 2828 iam
421 2776 514 2827 mater
536 2768 617 2828 simia
641 2766 743 2826 bucca.
975 2777 1024 2831 195

40 2849 161 2912 Plurima
183 2859 247 2910 sont
272 2853 405 2911 iuvenum
432 2851 610 2916 discrimina:
637 2848 787 2926 pulchrior
807 2849 857 2908 ille

40 2932 116 3011 lloc,
142 2943 228 3013 atque
251 2933 301 2994 ille
322 2935 397 3010 alio,
419 2933 536 2992 multum
559 2933 607 2991 hic
629 2931 776 2990 robustior
798 2930 865 2990 illo:

41 3015 100 3077 Una
123 3036 223 3078 senum
246 3017 353 3093 facies,
378 3035 442 3078 cum
466 3032 543 3075 voce
568 3015 721 3074 trementia
743 3012 871 3074 membra

42 3097 77 3159 lit
97 3102 153 3162 iam
175 3101 243 3160 leve
267 3112 353 3180 caput
373 3100 537 3179 madidique
562 3098 679 3158 infantia
702 3098 773 3158 nasi.

43 3181 229 3262 Frangendus
248 3187 355 3246 misero
377 3185 495 3262 gingiva
516 3184 598 3262 panis
619 3182 736 3242 inermi:
972 3193 1025 3244 200

43 3264 140 3348 Usque
164 3268 237 3328 adeo
261 3269 359 3346 gravis
382 3270 466 3328 uxori
491 3269 622 3345 natisque
645 3266 769 3344 sibique,

44 3349 77 3410 Ut
98 3353 241 3431 captatori
264 3361 380 3412 moveat
403 3351 516 3414 fastidia
539 3348 645 3412 Gosso.

43 3433 102 3496 Non
129 3436 232 3496 eadem
258 3437 316 3495 vini
339 3443 426 3514 atque
452 3435 526 3510 cibi,
548 3444 683 3513 torpente
708 3434 817 3512 palato,

45 3515 162 3588 Gaudia:
193 3537 258 3579 nam
283 3520 377 3579 coitus
400 3520 454 3578 iam
478 3519 566 3596 longa
593 3519 719 3594 oblivio,
744 3517 792 3576 vel
818 3515 842 3576 si
