2480 4006
395 268 521 316 suumn
543 268 589 314 vl.

28 408 215 473 lctnventum
236 417 330 469 tamen
353 417 382 468 et
404 415 518 487 pactum
541 415 570 466 et
592 407 737 484 sponsalia
756 417 858 469 nostra

28 489 220 574 elmpestate
241 510 338 570 paras,
361 494 475 570 iamque
497 499 651 551 atonsore
674 493 813 568 magistro

27 579 217 646 ”ectcmseet
238 576 328 654 digito
351 577 455 654 pignus
476 575 603 635 fortasse
625 573 744 634 dedisti:

28 661 128 722 Certe
151 659 265 758 scapus
265 657 352 719 eras?
375 677 514 734 uxorem,
538 658 689 733 Postume,
712 656 827 737 ducis?l

27 749 90 821 )ic,
119 763 181 824 qua
200 743 380 824 Tisiphone,
403 743 506 822 quibus
529 744 679 820 exagitare
699 742 850 804 colubris?

26 831 116 889 erre
142 829 233 907 potos
256 828 398 888 dominam
421 827 510 887 salvis
533 835 576 886 tot
597 826 724 886 restibus
747 827 845 902 ullam,

26 915 120 986 tuum
143 918 280 1010 pateant·
288 911 366 972 altae
389 911 607 988 caligantesque
631 911 789 986 fenestrae,

26 997 121 1069 Quum
146 994 200 1054 tibi
220 975 346 1074 lucinum
368 1013 401 1054 se
423 994 565 1074 praebeat
586 993 727 1055 Aemilius
749 993 847 1073 pons?

25 1081 81 1139 lut
103 1081 131 1138 si
155 1078 193 1138 de
215 1061 312 1140 nlultis
335 1079 431 1139 nullus
454 1079 553 1157 placet
576 1080 686 1162 exitus,
709 1078 782 1139 illud

25 1163 132 1223 lonae
158 1171 243 1240 putas
265 1163 386 1240 melius,
409 1161 486 1240 quod
507 1171 604 1223 tecum
625 1163 709 1242 pusio
732 1164 846 1238 dormit,

25 1249 127 1323 Pusio,
153 1247 204 1324 qui
226 1256 312 1306 noctu
333 1265 391 1306 non
413 1246 523 1324 litigat,
547 1247 638 1324 exigit
660 1265 676 1306 a
697 1256 727 1306 te

25 1330 115 1390 Nulla
139 1330 240 1390 iacens
264 1329 342 1390 hillis
364 1330 548 1407 munuscula,
571 1349 628 1390 nec
647 1332 791 1408 queritur,
816 1333 894 1410 quod

24 1414 61 1474 Et
85 1414 176 1474 lateri
199 1430 303 1492 parcas
325 1431 382 1474 nec
403 1422 538 1492 quantum
559 1414 642 1472 iussit
664 1413 806 1474 anheles?

24 1499 86 1558 Sed
111 1497 214 1576 placet
234 1495 350 1558 Ursidio
372 1497 423 1557 lex
443 1496 532 1557 Iulia:
557 1496 665 1556 tollere
687 1497 804 1558 dulcem

25 1580 150 1659 Cogitat
173 1581 329 1658 heredem,
354 1582 495 1642 cariturus
517 1589 628 1640 turture
649 1597 753 1659 magno

25 1665 246 1744 lllullorumque
268 1664 343 1725 iubis
366 1673 395 1726 et
417 1673 568 1744 captatore
589 1665 726 1725 macello.

28 1749 105 1823 Quid
129 1750 194 1809 lieri
217 1766 275 1808 non
298 1767 388 1828 posse
409 1758 512 1828 putes,
535 1750 560 1808 si
583 1750 710 1827 iungitur
731 1749 791 1810 ulla

28 1831 170 1893 Ursidio?
193 1835 218 1892 si
239 1834 427 1894 moechorum
447 1834 613 1893 notissimus
637 1834 705 1893 olim

30 1917 127 1977 Stulta
150 1917 274 1978 maritali
296 1919 351 1978 iam
375 1919 499 1996 porrigit
521 1935 572 1978 ora
598 1919 738 1996 capistro,

31 2001 126 2074 Quem
149 2002 236 2062 toties
258 2003 332 2061 teuit
354 2003 475 2080 perituri
497 2003 569 2061 cista
590 1997 702 2060 Latini?

33 2084 108 2157 Quid
132 2086 210 2165 qnod
233 2094 262 2145 et
284 2086 407 2164 antiquis
429 2101 504 2144 uxor
522 2085 559 2145 de
581 2084 709 2144 moribus
731 2083 772 2144 illi

34 2167 209 2242 Quaeritur?
236 2185 253 2228 o
275 2169 397 2245 medici,
422 2170 533 2228 nimiam
554 2168 719 2247 pertundite
739 2169 856 2229 venam!

34 2253 162 2312 Delicias
184 2253 318 2313 hominis!
344 2252 498 2332 Tarpeium
519 2253 606 2312 limen
628 2253 717 2314 adora

36 2336 145 2396 Pronus
168 2346 196 2395 et
217 2346 345 2398 auratam
366 2337 466 2397 lunoni
490 2338 581 2398 caede
603 2339 765 2412 iuvencam,

37 2423 67 2480 Si
90 2419 139 2479 tibi
162 2421 315 2497 contigerit
338 2422 441 2499 capitis
462 2430 593 2482 matrona
616 2422 723 2500 pudici.

37 2505 148 2563 Paucae
170 2505 244 2564 adeo
268 2502 385 2565 (dereris
404 2507 489 2565 vittas
511 2508 681 2583 contingere
704 2505 819 2582 dignae,

39 2588 161 2660 Quarum
181 2605 238 2646 non
259 2588 358 2648 timeat
379 2598 463 2667 pater
485 2589 595 2648 oscula.
640 2588 734 2649 Necte
758 2607 894 2650 coronam

40 2671 168 2730 Postibus
191 2680 221 2731 et
242 2671 350 2732 densos
372 2690 426 2750 per
448 2671 542 2732 limina
565 2673 652 2732 tende
675 2672 844 2748 corymbos!

41 2755 115 2814 Unus
136 2753 290 2815 lliberinae
311 2757 356 2814 vir
377 2753 504 2815 suflicit?
530 2758 612 2816 ocius
634 2756 705 2816 illud

42 2838 246 2917 Extorquebis,
270 2849 301 2898 ut
323 2839 398 2899 haec
421 2839 507 2899 oculo
529 2849 664 2900 contenta
687 2839 724 2898 sit
746 2855 814 2897 uno.

43 2922 138 3000 llagna
160 2933 253 2983 tamen
274 2923 349 2983 fama
371 2933 416 2984 est
439 2924 587 2985 cuiusdam
608 2942 675 2982 rure
698 2931 821 3001 paterno

43 3005 185 3066 Viventis?
206 3009 285 3068 vivat
309 3007 425 3083 Gabiis,
451 3017 482 3067 ut
503 3009 574 3067 vixit
595 3009 624 3067 in
645 3024 728 3085 agr0,

44 3090 122 3149 Vivat
143 3089 274 3166 Fidenis,
298 3100 327 3150 et
348 3092 457 3169 agello'
471 3091 544 3152 cedo
568 3101 701 3170 paterno.

46 3173 110 3246 Quis
130 3183 224 3234 tamen
246 3175 384 3252 aiiirmat,
408 3177 447 3236 nil
469 3186 564 3236 actum
584 3179 612 3236 in
634 3175 778 3236 montibus
800 3177 894 3235 autin

47 3257 211 3336 Speluncis?
232 3259 307 3320 adeo
331 3270 488 3320 senuerunt
513 3260 644 3339 luppiter
669 3270 698 3320 et
720 3257 818 3320 Mars?

84 3341 275 3403 Porticibusne
300 3343 351 3402 tibi
371 3353 546 3403 monstratur
567 3345 672 3405 lemina
696 3354 766 3404 voto
986 3351 1021 3404 60

48 3425 131 3503 Digna
151 3425 221 3487 tuo?
245 3429 344 3486 cuneis
367 3445 402 3486 an
425 3426 533 3486 habent
556 3427 726 3506 spectacula
748 3428 818 3486 totis

49 3509 122 3584 Quod
143 3529 261 3570 securus
285 3527 379 3584 ames,
405 3509 541 3590 quodque
562 3513 629 3571 inde
652 3528 816 3588 excerpere
838 3509 955 3586 possis?
