2480 4006
195 211 214 267 4
522 221 556 266 0.
574 221 849 268 100..100001010

196 357 279 436 lpsos
303 356 483 434 Troiugenas
507 357 587 435 (nam
609 366 715 416 vexant
737 356 823 415 limen
846 364 875 414 et
896 357 952 432 ipsi
1138 365 1188 419 100

173 439 386 520 ’Νο11100010);
410 439 456 502 Da
478 442 623 518 praetori,
647 439 684 499 da
706 438 960 499 deindetribunol

196 524 255 584 Sed
277 523 428 584 libertinus
450 526 531 602 prior
554 532 613 583 est:
636 522 736 598 Prior,
759 524 866 599 inquit,
890 538 947 598 ego
971 522 1086 590 adsum;

197 606 255 668 Gur
277 609 392 668 timeam
413 607 578 668 dubitemve
600 607 696 666 locum
715 605 891 681 defendere,
913 607 1041 683 quamvis

195 691 285 752 Natus
306 692 343 752 ad
364 691 552 770 Euphraten,
575 689 681 750 molles
704 689 782 768 quod
804 691 832 748 in
854 707 923 749 aure
943 689 1091 766 fenestrae

196 777 370 853 Arguerint,
395 776 464 836 licet
483 776 549 852 ipse
572 770 698 850 negem?
718 773 772 833 sed
794 775 920 852 quinque
943 772 1082 833 tabernae
1136 786 1183 836 tos

197 859 412 940 Quadringenta
434 867 550 936 parant;
574 857 641 937 quid
663 858 778 917 conlert
800 875 927 935 purpura
950 859 1041 916 maior

197 941 376 1020 Optandum,
401 943 425 1001 si
444 939 580 1001 Laurenti
600 941 726 1001 custodit
747 943 776 1000 in
799 957 872 1018 agro

197 1024 362 1086 conductas
385 1022 528 1085 Corvinus
552 1043 640 1100 oves,
663 1042 721 1102 ego
743 1023 883 1103 possideo
904 1023 969 1102 plus

196 1108 327 1170 Pallante
350 1118 379 1169 et
399 1105 585 1168 Licinisl-·
597 1108 780 1188 Exspectant
803 1124 875 1184 ergo
895 1105 1019 1183 tribuni,-

196 1193 319 1252 Vincant
341 1192 475 1269 divitiae,
497 1209 583 1252 sacro
605 1211 642 1252 ne
667 1192 752 1253 cedat
773 1193 895 1266 honori,
1136 1206 1184 1256 110

195 1275 297 1354 Nuper
317 1279 346 1336 10
364 1276 439 1337 bano
460 1275 561 1336 urbem
582 1276 705 1356 pedibus
729 1278 776 1354 qni
796 1283 917 1335 venerat
940 1274 1029 1336 albis:

197 1359 436 1439 Quandoquidem
455 1362 530 1420 inter
550 1377 604 1420 nos
627 1362 809 1420 sanctissima
830 1359 991 1419 divitiarum

196 1442 349 1513 blaiestas;
374 1446 429 1504 etsi
450 1444 563 1504 lunesto
588 1445 712 1523 pecnnia
734 1443 844 1522 templo

196 1526 335 1602 Nondum¹
350 1527 479 1604 habitas,
503 1528 597 1588 nullas
617 1545 795 1588 nummorum
818 1529 964 1586 ereximus
986 1545 1067 1604 aras,

196 1611 234 1672 Ut
257 1612 362 1672 colitur
384 1612 444 1672 Pax
465 1620 552 1690 atque
575 1610 679 1686 Fides,
702 1611 849 1686 Victoria,
872 1610 989 1687 Virtus,
1134 1623 1183 1675 115

197 1694 339 1775 Quaeque
360 1695 484 1756 salutato
510 1697 633 1774 crepitat
657 1694 823 1755 Concordia
843 1694 921 1754 nido.

259 1779 318 1839 Sed
341 1797 427 1859 quum
448 1796 572 1838 summus
596 1779 690 1838 bonor
712 1779 792 1839 linito
815 1788 964 1856 computet
983 1796 1073 1855 anno,

197 1862 334 1941 Sportula
356 1862 424 1942 quid
445 1864 570 1940 referat,
593 1872 728 1942 quamum
748 1861 908 1923 rationibus
931 1862 1030 1924 addat:

198 1946 273 2020 Quid
290 1947 397 2007 facient
416 1949 552 2024 comites,
572 1947 676 2026 quibus
693 1947 760 2008 hinc
777 1958 861 2025 toga,
879 1946 998 2008 calceus
1014 1947 1081 2007 lrinc
1099 1958 1144 2008 est

197 2029 234 2090 llt
256 2033 338 2108 panis
361 2030 514 2108 fumusque
537 2029 634 2092 domi?
657 2031 837 2092 Densissima
859 2040 973 2091 centum
1135 2042 1184 2094 110

198 2113 382 2186 Quadrantes
404 2113 512 2173 lectica
534 2117 622 2192 petit,
645 2119 836 2196 sequiturque
857 2117 989 2174 maritum
1103 2123 1107 2128 '

197 2195 343 2273 languida
363 2197 413 2256 vel
436 2215 580 2275 praegnas
604 2207 633 2258 et
656 2199 878 2260 circumducitur
898 2213 981 2256 uxor.

198 2280 252 2340 llic
271 2281 344 2358 petit
366 2280 494 2357 absenti,
519 2291 588 2342 nota
610 2285 665 2343 iam
687 2284 809 2344 callidus
831 2289 911 2354 arte,

199 2362 363 2423 Ostendens
384 2383 504 2426 vacuam
526 2375 556 2426 et
578 2367 706 2428 clausam
727 2383 781 2445 pro
805 2364 929 2438 coniuge
953 2361 1065 2422 sellam.

200 2446 281 2508 Galla
303 2465 367 2508 mea
390 2458 452 2526 est,
473 2451 580 2529 inquit,
603 2452 687 2510 citius
710 2450 831 2514 dimitte;
854 2442 997 2504 moraris?
1135 2459 1183 2510 125

198 2530 302 2591 Profer
325 2530 407 2592 Galla
429 2534 530 2612 caput!
554 2534 614 2594 noli
632 2551 760 2606 vexare,
784 2529 926 2608 quiescet.
942 2565 984 2578 -

100 2642 103 2646 ·
198 2613 268 2694 Ipse
289 2614 353 2675 dies
374 2617 497 2695 pulchro
519 2617 700 2692 distinguitur
719 2614 821 2673 ordine
842 2631 954 2672 rerum:

199 2699 354 2777 Sportula,
379 2701 483 2761 deinde
505 2701 598 2760 forum
619 2699 748 2776 iurisque
768 2697 880 2774 peritus
901 2695 1011 2775 Apollo

200 2781 298 2862 Atque
321 2783 526 2862 triumphales,
548 2785 622 2841 inter
642 2799 714 2859 quas
736 2799 823 2841 ausus
847 2781 957 2841 habere

199 2864 309 2927 Nescio
332 2868 396 2946 quis
417 2866 516 2926 titulos
539 2865 703 2942 Aegyptius
724 2873 811 2944 atque
834 2863 1036 2938 Arabarches,
1134 2875 1186 2930 130

201 2947 289 3010 Guius
310 2951 346 3009 ad
368 2950 495 3026 effigiem
515 2966 573 3008 non
594 2956 701 3008 tantum
720 2951 829 3008 meiere
853 2949 898 3008 fas
921 2955 975 3028 est

198 3033 359 3093 Vestibulis
381 3031 487 3090 abeunt
506 3041 625 3092 veteres
644 3030 772 3111 lassique
796 3031 919 3092 clientes

199 3117 333 3194 Votaque
356 3115 519 3192 deponunt,
543 3133 713 3195 quamquam
735 3116 903 3194 longissima
925 3131 1038 3175 coenae

200 3202 276 3278 Spes
297 3198 418 3266 bomini;
441 3200 533 3259 caulis
555 3201 670 3260 miseris
691 3209 777 3280 atque
799 3201 874 3277 ignis
896 3197 1045 3260 emendus.

201 3281 314 3360 Optima
337 3281 472 3343 silvarum
492 3285 604 3344 interea
624 3285 781 3364 pelagique
802 3281 917 3345 vorabit
1136 3293 1184 3348 101

201 3365 266 3425 Rex
286 3365 404 3443 borum,
428 3371 588 3448 vacuisque
609 3369 682 3428 toris
701 3378 809 3430 tantum
830 3371 896 3448 ipse
919 3367 1037 3428 iacebit.

200 3448 273 3510 Nam
295 3447 331 3510 de
353 3459 397 3513 tot
415 3452 544 3532 pulchris
567 3462 596 3513 et
617 3453 682 3513 latis
700 3453 820 3513 orbibus
842 3461 950 3512 ettam
