2460 4004
401 308 525 356 suumn
547 309 617 355 xrv.
955 297 995 359 95

24 446 157 526 Vernula,
181 459 241 510 tres
264 449 383 516 domini;
408 447 461 506 sed
483 448 593 524 magnis
616 447 752 507 iratribus
774 447 876 507 luorum

24 531 46 590 Α
64 533 167 593 scrobe
190 533 239 593 vel
261 533 343 593 sulco
365 530 552 591 redeuntibus
576 530 668 590 altera
690 547 782 590 coena
948 539 996 596 titt

24 615 146 693 Amplior
169 626 198 676 et
220 616 346 695 grandes
368 613 513 675 fumabant
535 614 661 692 pultibus
686 615 773 674 ollae.

21 697 95 758 Nunc
117 699 219 760 modus
242 701 289 760 hic
311 701 374 778 agri
396 707 497 758 nostro
520 714 577 757 nau
603 698 709 757 suflicit
731 697 826 757 hortm

20 780 81 841 lnde
108 783 171 843 iere
192 783 337 845 scelerum
360 800 481 851 causae;
507 799 563 841 uec
583 781 666 860 plura
690 798 802 841 venena

17 862 127 925 Miscuit
148 876 196 928 aut
217 868 296 928 ferro
319 875 469 944 grassatur
488 866 606 944 saepius
626 864 715 924 ullum

17 946 157 1013 Humanae
181 952 283 1011 mentis
306 953 421 1027 vitium,
448 966 531 1028 quarn
554 965 643 1008 saeva
671 949 776 1027 cupido
945 958 996 1013 175

15 1029 158 1094 lmmodici
183 1053 296 1095 census.
332 1033 404 1094 Nam
427 1033 509 1093 diues
534 1033 582 1112 qui
605 1031 667 1091 lieri
687 1032 759 1108 vult,

14 1111 47 1174 Et
69 1117 128 1177 cito
150 1118 212 1178 vult
234 1119 311 1186 lieri;
336 1117 389 1177 sed
413 1135 488 1194 quae
507 1116 671 1176 reverentia
693 1115 801 1193 legum,

16 1197 81 1271 Quis
105 1210 200 1262 metus
224 1211 271 1263 aut
292 1201 386 1280 pudor
409 1210 454 1260 est
471 1217 603 1278 umquam
629 1201 811 1278 properantis
834 1196 934 1260 avari?

13 1281 107 1344 l'ivite
129 1287 257 1346 contenti
279 1285 386 1347 casulis
410 1294 439 1345 et
462 1283 586 1344 collibus
609 1285 683 1360 istis,

14 1364 34 1424 Ο
57 1369 157 1445 pueri!
182 1369 294 1431 Marsus
317 1367 432 1430 dicebat
454 1377 483 1428 et
505 1366 647 1427 Hernicus
671 1368 739 1427 olim
946 1377 998 1430 180

14 1447 207 1531 Vestinusque
228 1470 335 1512 senex:
361 1471 465 1532 panem
486 1465 657 1528 quaeramus
680 1460 787 1525 aratro,

13 1533 64 1608 uui
94 1538 165 1596 satis
193 1537 383 1603 asturensis:
405 1536 521 1596 laudant
543 1534 600 1594 hoc
621 1535 735 1593 numina
757 1535 843 1609 ruris,

12 1615 140 1690 Quorum
163 1636 220 1706 ope
240 1628 270 1680 et
295 1618 403 1680 auxilio
427 1627 528 1697 gratae
551 1625 619 1696 post
638 1634 740 1678 munus
763 1618 869 1678 aristae
930 1663 940 1686 ,

12 1697 189 1780 Contingunt
212 1703 318 1764 homini
335 1705 444 1763 veteris
468 1702 582 1763 fastidia
603 1719 739 1782 quereus.

10 1779 54 1844 llil
82 1789 202 1846 vetitum
225 1788 334 1848 iecisse
356 1787 454 1864 volet,
482 1804 567 1866 quern
588 1804 646 1847 non
671 1786 760 1864 pudet
787 1784 845 1846 alto
945 1795 996 1850 185

9 1865 63 1928 l‘er
88 1869 214 1946 glaciem
236 1888 346 1949 perone
368 1873 445 1948 tegi,
471 1873 518 1948 qui
542 1878 704 1930 summovet
727 1886 814 1928 euros

8 1947 141 2012 Pellibus
164 1953 302 2020 inversis;
326 1954 481 2030 peregrina
503 1955 660 2030 ignotaque
684 1952 768 2011 nohis

30 2035 51 2093 d
78 2032 180 2092 scelus
202 2043 289 2111 atquc
309 2036 408 2110 nefas,
431 2053 630 2114 quaecumque
654 2044 715 2112 est,
737 2050 864 2113 purpura
887 2033 974 2093 ducit.

46 2114 135 2174 Haec
160 2115 202 2175 illi
223 2124 340 2176 ueteres
369 2127 528 2196 praecepta
550 2118 723 2179 minoribus:
746 2126 774 2178 at
795 2134 869 2176 nunc

8 2195 80 2259 Post
103 2198 189 2258 linem
214 2201 338 2259 autumni
362 2199 455 2260 media
477 2201 514 2260 de
538 2211 625 2262 nocte
649 2204 781 2282 supinum
946 2210 997 2264 19⁰

8 2279 166 2342 clamosus
190 2284 323 2344 iuvenem
348 2292 433 2363 pater
454 2285 577 2345 excitat:
610 2286 722 2366 Accipe
746 2302 841 2361 ceras,

8 2365 133 2443 Scribe,
157 2383 246 2445 puer,
269 2368 376 2445 vigila,
399 2385 503 2428 causas
525 2385 597 2446 age,
621 2370 742 2449 perlege
765 2369 867 2431 rubras

8 2445 152 2509 llaiorum
178 2449 262 2527 leges
285 2461 333 2511 aut
355 2453 443 2512 vitem
463 2469 556 2530 posce
579 2452 690 2517 libello.

9 2532 68 2592 Sed
99 2541 187 2612 caput
207 2534 344 2595 intactum
369 2535 447 2596 huno
473 2554 618 2614 naresque
640 2538 749 2615 pilosas

9 2615 141 2677 llnnotet
162 2625 191 2676 et
215 2619 343 2694 grandes
366 2622 485 2680 miretur
509 2618 624 2681 Laelius
649 2620 719 2680 alas.
945 2629 995 2684 195

9 2697 101 2760 llirue
122 2697 288 2762 llaurorum
314 2704 453 2781 attegias,
483 2702 604 2764 castella
626 2703 801 2780 Brigantum,

11 2780 46 2842 llt
71 2783 251 2864 locupletem
274 2785 398 2866 aquilam
420 2786 471 2847 tilri
496 2788 696 2865 sexagesimus
720 2803 808 2846 annus

12 2865 138 2937 Aderam
162 2878 226 2946 aut,
253 2868 358 2948 longos
386 2879 545 2931 castrorum
570 2872 649 2932 ferre
671 2869 789 2930 labores

13 2951 42 3007 Si
64 2953 148 3029 piget
171 2961 201 3011 et
224 2953 366 3032 trepidum
390 2954 506 3014 solvunt
526 2954 577 3014 tihi
603 2971 712 3014 cornua
731 2961 862 3012 ventrem

15 3030 84 3093 (lum
109 3035 186 3094 lituis
209 3036 322 3114 audita,
347 3055 434 3116 pares
457 3037 534 3116 quod
554 3038 684 3098 vendere
705 3037 803 3116 possis
943 3047 996 3099 200

15 3113 105 3176 Pluris
131 3118 265 3195 dimidio,
291 3137 346 3182 nec
370 3130 399 3181 te
421 3121 534 3182 fastidia
560 3122 666 3181 mercis

16 3197 106 3261 Ullius
129 3202 252 3263 subeant
277 3204 457 3283 ablegandae
481 3204 606 3266 Tiberim
628 3204 714 3281 ultra,

17 3279 77 3342 Neu
99 3286 201 3346 credas
228 3289 390 3365 ponendum
412 3289 519 3367 aliquid
542 3288 712 3350 discriminis
734 3287 809 3348 inter

17 3363 165 3443 Unguenta
187 3379 217 3430 et
240 3372 358 3436 corium.
393 3371 478 3432 lucri
501 3373 593 3433 bonus
621 3381 666 3432 est
690 3371 764 3432 odor
788 3387 881 3430 exre

20 3445 162 3519 Qualibet:
186 3453 236 3513 illa
259 3463 309 3514 tuo
332 3458 474 3516 sententia
498 3473 614 3534 semper
636 3457 664 3514 in
687 3471 739 3515 ore
941 3463 996 3518 206

21 3530 170 3614 Versetur,
194 3536 238 3596 dis
260 3547 346 3616 atque
368 3541 432 3618 ipso
459 3540 529 3601 love
553 3540 638 3616 digna
661 3549 758 3618 poeta.
