2460 4004
396 292 519 340 suumn
542 296 576 342 x.
970 289 1008 348 73

28 434 185 499 blatronae;
205 447 273 490 mox
295 449 380 508 quum
404 432 518 492 dederit
540 434 664 494 Serm'lia
687 453 827 514 nummos,

28 519 86 578 Fiet
107 526 136 576 et
157 515 252 590 illius,
278 533 362 592 quam
385 533 442 574 non
463 525 553 591 amat,
578 527 666 577 exuet
691 536 803 580 omnem
878 591 880 594 ¹
956 534 1008 586 suo

28 601 162 680 Corporis
186 607 331 666 ornatum;
356 599 424 678 quid
446 601 521 658 enirn
543 599 602 660 ulla
624 604 776 678 negaverit
798 605 861 663 udis

27 679 212 763 Inguinibus?
236 683 297 742 sive
321 691 366 742 est
391 683 464 744 baec
487 681 596 762 Oppia,
619 687 682 744 sive
702 683 815 746 Catulla

26 769 174 843 Deterior,
201 775 281 826 totos
303 765 391 826 babet
412 767 473 825 illic
495 767 600 828 lemine
621 786 775 828 mores.-

25 854 81 914 Sed
102 861 183 912 casto
210 851 279 929 quid
303 851 395 910 iorma
417 847 525 910 nocet?
542 885 583 900 -
603 851 679 925 Quid
701 850 811 930 profuit
833 852 917 912 immo

24 937 179 1016 Hippolyto
202 953 293 1012 grave
317 935 512 1013 propositum,
540 935 608 1014 quid
629 935 872 1017 Bellerophonti?
954 943 1007 1002 ‘325

24 1020 141 1080 Erubuit
164 1035 269 1096 nempe
292 1017 366 1078 bueo
389 1036 443 1078 ceu
465 1018 610 1096 fastidita,
637 1020 755 1098 repulsa

23 1099 83 1164 Nec
104 1101 293 1163 Stheneboea
316 1102 407 1160 minus
432 1120 515 1180 qnam
542 1101 650 1163 Cressa
675 1105 845 1181 excanduit,
870 1115 899 1164 et
924 1123 957 1165 se

25 1187 208 1248 Concussere
233 1185 344 1246 ambae.
378 1183 483 1245 Mulier
508 1187 677 1247 saevissima
702 1197 769 1247 tunc
792 1198 848 1264 est,

24 1269 115 1344 Quum
140 1269 271 1330 stimulos
294 1268 361 1328 odio
382 1269 476 1347 pudor
500 1269 643 1330 admovet.
678 1270 781 1347 Elige,
806 1272 939 1351 quidnam

24 1355 205 1416 Suadendum
230 1371 297 1412 esse
324 1362 426 1431 putes,
454 1354 500 1412 cui
521 1353 632 1414 nubere
656 1351 792 1414 Caesaris
813 1375 886 1416 uxor
959 1367 1010 1419 33⁰

23 1437 163 1498 Destinat.
201 1435 332 1516 Optimus
357 1436 405 1496 bic
429 1446 458 1495 et
479 1436 706 1496 formosissimus
728 1439 804 1497 idem

24 1522 120 1583 dentis
147 1520 288 1599 patriciae
311 1521 422 1598 rapitur
447 1521 535 1578 miser
561 1521 790 1596 exstinguendus

22 1604 197 1665 Messalinae
224 1603 332 1670 oculis;
354 1603 458 1663 dudum
485 1603 569 1662 sedet
595 1603 644 1663 illa
667 1613 768 1681 parato

22 1687 200 1750 Flammeolo
224 1687 386 1767 Tyriusque
408 1686 503 1765 palam
522 1687 646 1763 genialis
669 1688 697 1746 in
718 1689 809 1748 hortis

22 1775 181 1848 Sternitur,
205 1781 235 1832 et
257 1772 312 1831 ritu
335 1770 436 1830 decies
463 1779 585 1830 centena
610 1770 751 1831 dabuntur
958 1783 1009 1837 335

21 1857 167 1935 Antiquo.
189 1856 288 1914 veniet
312 1873 376 1914 cum
398 1854 592 1931 signatoribus
614 1871 736 1932 auspex.

21 1939 101 2000 llaec
123 1949 152 1997 tu
176 1947 292 1997 secreta
313 1947 343 1996 et
364 1939 465 2015 paucis
489 1938 641 1996 commissa
663 1935 808 2014 putabas?

21 2022 84 2083 Non
110 2023 165 2080 nisi
188 2021 319 2097 legitime
344 2019 406 2078 vult
426 2018 546 2078 nubere.
584 2017 659 2092 Quid
682 2019 813 2097 placeat,
840 2019 900 2087 dic:

21 2105 53 2166 Ni
77 2122 186 2184 parere
208 2103 301 2178 velis,
323 2103 502 2182 pereundum
525 2103 579 2162 erit
603 2111 669 2162 ante
689 2103 839 2170 lucernas;

22 2191 50 2250 Si
75 2187 177 2249 scelus
203 2187 350 2261 admittas,
374 2186 486 2246 dabitur
509 2203 589 2248 mora
612 2184 748 2266 parvula,
774 2186 839 2246 dum
862 2205 910 2246 res
961 2198 1013 2251 340

24 2273 98 2334 Nota
123 2271 188 2330 urbi
212 2279 241 2330 et
265 2271 375 2350 populo
399 2271 546 2348 contingat
566 2271 706 2350 principis
729 2287 837 2330 aurem.

23 2355 162 2417 Dedecus
183 2354 234 2414 ille
259 2353 361 2414 domus
384 2353 458 2413 sciet
475 2354 607 2422 ultimus;
631 2355 742 2414 interea
765 2362 794 2413 tu

24 2437 198 2518 Obsequere
224 2439 363 2516 imperio,
386 2439 411 2496 si
433 2439 502 2498 tanti
526 2439 585 2498 vita
608 2438 719 2498 dierum

25 2523 197 2584 Paucorum:
233 2521 369 2600 quidquid
388 2521 481 2582 levius
503 2522 665 2600 meliusque
688 2523 810 2601 putaris,

26 2605 195 2667 Praebenda
219 2615 264 2665 est
281 2606 381 2683 gladio
403 2605 525 2682 pulchra
545 2605 620 2664 haec
641 2614 670 2664 et
691 2606 812 2666 candida
836 2607 945 2665 cervix.
959 2606 1013 2669 ’345

64 2689 113 2750 Nil
137 2707 210 2766 ergo
233 2689 374 2768 optabunt
394 2685 550 2746 homines?
571 2719 614 2736 -
632 2688 663 2748 Si
687 2688 837 2748 consilium
858 2691 915 2762 vis,

26 2772 176 2833 Permittes
199 2775 271 2852 ipsis
298 2771 467 2850 expendere
490 2769 667 2844 numinibus,
692 2772 759 2848 quid

27 2854 188 2916 Conveniat
212 2857 298 2916 nobis
323 2856 471 2932 rebusque
495 2855 531 2912 sit
553 2852 624 2912 utile
647 2855 765 2911 nostris.

27 2939 94 3000 Nam
118 2957 173 3020 pro
196 2940 328 3000 iucundis
350 2939 496 3018 aptissima
520 2953 654 3014 quaeque
676 2935 781 2996 dabunt
808 2937 845 2996 di.

28 3021 129 3083 Carior
152 3033 197 3083 est
219 3024 277 3083 illis
300 3023 402 3097 borno,
429 3038 513 3099 quam
537 3019 601 3078 sibi.
637 3017 698 3077 Nos
721 3020 878 3080 animorum
964 3029 1016 3084 350

28 3105 155 3186 lnpulsu
179 3115 209 3166 et
231 3125 322 3167 caeca
342 3122 502 3182 magnaque
527 3103 661 3182 cupidine
688 3101 764 3161 ducti

29 3187 198 3268 Coniugium
220 3192 344 3269 petimus
367 3197 538 3268 partumque
560 3187 675 3252 uxoris:
699 3194 728 3246 at
751 3185 809 3245 illis

29 3271 146 3350 lloturn,
177 3276 225 3352 qui
250 3275 333 3352 pueri
358 3272 510 3351 qualisque
532 3271 626 3330 lutura
650 3271 686 3330 sit
707 3286 790 3329 uxor.

31 3355 64 3416 Ut
87 3368 183 3418 tamen
203 3366 232 3417 et
257 3375 364 3436 poscas
388 3355 495 3433 aliquid
521 3372 692 3432 voveasque
715 3353 833 3413 sacellis

30 3439 101 3502 Exta
124 3451 154 3501 et
180 3440 324 3501 candiduli
347 3441 442 3500 diviua
463 3438 608 3500 tomacula
630 3438 724 3517 porci,
964 3445 1016 3498 355

29 3521 171 3586 Crandum
194 3533 256 3598 est,
278 3533 308 3584 ut
331 3525 368 3583 sit
389 3541 469 3582 mens
492 3539 562 3582 sana
584 3523 611 3582 in
632 3538 759 3600 corpore
782 3537 862 3580 sano.
