2460 4004
202 241 244 300 ta
543 247 578 298 1).
601 247 672 294 rum.
693 247 878 294 rovsuaurs

203 389 351 450 bellomm
375 404 492 466 pompa¹
506 388 624 446 animam
648 384 814 444 exhalasset
836 386 969 463 opimam,

204 472 298 546 Quum
320 470 356 531 de
379 469 540 530 Teutonico
562 469 654 528 vellet
677 467 860 528 descendere
884 466 991 530 currui

203 556 326 618 Provida
349 554 488 632 Pompeio
512 553 634 614 dederat
657 549 811 630 Campania
832 551 931 612 febres

205 639 367 718 Optandas,
388 637 441 698 sed
464 637 570 698 multae
595 635 684 695 nrbes
710 644 738 694 et
758 635 875 714 publica
896 645 965 696 vota

202 724 357 790 Vicerunt;
383 723 470 800 igitur
495 721 608 780 fortuna
631 720 722 796 ipsius
747 728 776 778 et
798 718 877 778 urbis
1143 732 1190 784 080

204 808 356 868 Servatum
377 806 455 864 victo
479 813 566 882 caput
589 801 714 862 abstulit.
754 801 818 860 Hoc
843 803 970 862 cruciatu

204 889 358 965 Lentulus,
381 888 437 948 bac
458 904 555 966 poena
576 886 667 946 caruit
690 885 855 964 ceciditque
879 883 1028 962 Cethegus

203 974 337 1049 Integer,
364 981 392 1032 et
412 972 500 1031 iacuit
523 967 646 1029 Catilina
671 969 815 1030 cadavere
840 977 911 1029 toto.

245 1055 379 1116 Formam
404 1063 485 1134 optat
505 1053 619 1112 modico
642 1052 757 1130 pueris,
786 1055 895 1112 maiore
919 1052 1025 1132 puellis

204 1140 365 1214 blurmure,
392 1155 478 1218 quum
503 1137 627 1196 Veneris
652 1136 747 1196 fanum
769 1136 860 1212 videt,
882 1137 966 1197 anxia
981 1144 1074 1194 mater
1144 1147 1191 1199 290

204 1223 304 1303 Usque
331 1222 367 1282 ad
389 1221 509 1282 delicias
532 1229 674 1280 votorum.
711 1217 902 1296 Certamen,
925 1221 1026 1298 inquit,

206 1303 373 1384 Corripiasl
396 1304 517 1384 pulcbra
540 1303 649 1381 gaudet
671 1302 779 1362 Latona
803 1303 904 1364 Diana.
924 1335 965 1346 -

205 1390 265 1451 Sed
287 1397 367 1448 vetat
392 1389 486 1468 optari
512 1389 616 1448 faciem
637 1386 789 1462 Lucretia,
816 1388 931 1464 qualem

205 1474 272 1554 lpsa
297 1472 410 1541 babuit;
438 1481 561 1550 cuperet
586 1470 701 1530 Rutilae
726 1470 864 1548 Verginia
887 1469 1006 1548 gibbum

205 1557 352 1636 Accipere
374 1565 461 1635 atque
483 1573 564 1615 suam
589 1554 703 1614 Rutilae
726 1553 806 1614 dare.
840 1553 929 1614 Filius
952 1565 1049 1615 autem
1145 1565 1190 1618 290

208 1639 347 1720 Corporis
371 1640 484 1718 egregii
504 1640 629 1698 miseros
652 1637 841 1716 trepidosque
867 1647 1003 1716 parentes

206 1727 329 1802 Semper
350 1723 450 1788 babet:
493 1739 558 1782 rara
582 1730 627 1780 est
647 1720 722 1780 adeo
748 1723 905 1782 concordia
929 1721 1039 1782 formae

207 1809 303 1887 litque
324 1807 490 1886 pudicitiae.
523 1805 647 1865 Sanctos
668 1803 738 1863 lieet
759 1805 876 1866 horrida
898 1822 996 1866 mores

206 1891 369 1952 Tradiderit
389 1890 490 1950 domus
514 1907 548 1950 ao
571 1897 689 1948 veteres
710 1889 817 1948 imitata
843 1889 977 1966 Sabinos,

206 1976 362 2036 Praeterea
388 1983 497 2034 castum
518 1974 663 2050 ingenium
687 1972 855 2051 vultumque
879 1974 1011 2033 modesto
1145 1985 1192 2037 300
1223 1980 1224 2038 ἶ

207 2061 353 2136 Sanguine
380 2057 541 2118 ferventem
566 2056 671 2116 tribuat
692 2065 792 2116 natura
819 2057 944 2135 benigna
1223 2065 1224 2084 ¹

206 2143 298 2220 Larga
321 2157 422 2201 manu:
446 2141 530 2220 (quid
554 2143 628 2200 enim
653 2157 744 2218 puero
774 2140 910 2201 conferre
936 2149 1035 2220 potest
1059 2142 1127 2220 plus

208 2225 337 2286 Custode
364 2233 393 2284 et
413 2242 481 2284 cura
503 2233 603 2284 natura
626 2225 775 2302 potentior
797 2222 909 2304 omnil)

207 2309 272 2368 Non
293 2307 363 2368 licet
387 2325 455 2366 esse
476 2309 555 2376 rir0;
575 2325 640 2368 nam
662 2307 784 2387 prodiga
809 2309 988 2387 corruptoris

207 2391 379 2470 improbitas
405 2391 486 2468 ipsos
512 2390 598 2452 audet
623 2401 766 2470 temptare
787 2401 934 2470 parentes.
1147 2406 1193 2458 305

208 2476 298 2537 Tanta
320 2475 349 2533 in
373 2474 536 2534 muneribus
559 2475 672 2536 fiducia.
712 2473 815 2540 Nullus
841 2476 985 2555 ephebum

207 2559 376 2621 Deformem
402 2576 490 2619 saeva
512 2560 648 2618 castravit
669 2561 698 2618 in
723 2577 791 2620 arce
814 2569 961 2636 tyrannus,

207 2643 271 2704 Nec
297 2650 508 2721 praetextatum
530 2645 624 2722 rapuit
645 2641 725 2703 Nero
750 2643 911 2722 loripedem
935 2661 991 2704 nec

209 2728 388 2788 Strumosum
410 2735 497 2806 atque
519 2735 603 2786 utero
627 2727 735 2806 pariter
756 2727 905 2807 gibboque
932 2736 1101 2788 tumentem.

207 2811 317 2873 10000
341 2819 369 2870 ct
389 2811 501 2870 iuvenis
523 2812 624 2889 specie
645 2810 756 2870 laetare
782 2812 838 2886 tui,
863 2829 948 2888 quem
1149 2824 1194 2876 310

208 2894 318 2955 llaiora
339 2903 512 2974 exspectant
537 2893 714 2956 discrimina:
743 2895 792 2954 liet
813 2894 926 2954 adulter

208 2978 345 3040 Publicus
373 2987 402 3038 et
423 2995 534 3057 poenas
555 2986 664 3038 metuet
690 2997 886 3058 quascumque
911 2979 1020 3038 maritis

208 3061 293 3122 lratis
320 3062 424 3137 debet,
450 3079 506 3121 nec
527 3062 581 3120 erit
603 3061 720 3121 felicior
743 3071 822 3122 astro

209 3144 325 3222 Martis,
347 3155 378 3205 ut
400 3146 429 3203 in
452 3145 574 3222 laqueos
599 3163 750 3222 numquam
772 3146 888 3207 incidat.
926 3145 1025 3224 Exigit
1047 3157 1146 3207 autem

209 3229 353 3289 Interdum
377 3225 428 3288 ille
451 3227 536 3287 dolor
557 3227 622 3306 plus
648 3246 732 3306 quam
754 3229 803 3289 lex
824 3230 883 3290 ulla
906 3229 1001 3290 dolori
1150 3241 1192 3295 alt

211 3311 380 3380 Gonoessit;
404 3321 490 3371 necat
509 3310 556 3370 bic
577 3311 674 3388 ferro,
698 3323 780 3373 secat
802 3314 853 3374 ille
878 3314 1002 3374 cruentis

209 3393 406 3470 Verberibus,
431 3395 570 3475 quosdam
592 3395 731 3456 moechos
755 3406 784 3458 et
802 3397 915 3475 mugilis
938 3399 1032 3456 intrat.

211 3478 271 3538 Sed
290 3487 356 3537 tuus
379 3476 539 3554 Endymion
565 3479 690 3540 dilectae
715 3481 764 3540 liet
785 3481 898 3541 adulter
