2460 4004
225 265 264 322 64
580 272 616 319 D.
637 273 708 320 mn.
733 273 918 320 IUVENALIS

225 414 269 474 De
294 429 385 488 grege
408 408 591 486 Moesorum,
617 412 665 489 qui
688 430 734 471 me
760 413 877 471 cervice
900 413 994 474 locata

225 499 363 557 Securum
387 493 503 553 iubeant
527 495 655 569 clamoso
679 496 813 554 insistere
841 496 930 556 circo.

225 581 268 640 sn
292 578 359 638 mihi
380 586 533 656 praeterea
559 597 663 637 curvus
687 579 817 638 caelator
839 589 868 638 et
893 580 976 656 alter,
1159 594 1206 648 145

225 663 280 737 Qui
301 662 404 722 mullas
425 661 517 722 facies
541 663 632 740 pingit
655 663 727 721 cilo:
752 661 895 722 sufiiciunt
915 663 999 740 haec,

225 745 346 820 Quando
371 762 427 822 ego
451 763 563 824 pauper
585 745 653 804 ero!
681 744 787 810 Votum
809 746 992 824 miserabile,
1015 768 1072 810 nee
1095 769 1166 830 spes

223 829 275 890 His
301 830 418 896 sallem;
445 847 509 887 nam
533 847 618 907 quum
640 845 693 906 pro
719 847 764 888 rne
790 827 916 891 Fortuna
936 843 1066 911 rogatur,

224 912 325 972 Araxis
350 929 434 972 ceras
455 913 505 971 illa
529 911 565 971 de
587 930 661 970 nave
684 914 799 990 pelilas,

225 995 307 1068 Quae
330 995 444 1056 Siculos
472 1005 571 1054 cantus
598 995 698 1072 elingit
720 997 831 1072 remigo
856 999 978 1059 surdo.“
1160 1016 1205 1066 15o

560 1223 866 1236 -———-—

502 1419 541 1508 l.
569 1416 677 1509 lllllll
703 1419 924 1514 llllllllllll

626 1587 804 1663 nourrius

311 1731 1059 1847 'snalllllrllll

574 1939 675 2003 LIBER
700 1940 865 2016 QUARTUS.

634 2125 802 2133 ψ...-

553 2241 789 2306 sarisa
826 2243 870 2306 x.
965 2221 968 2227 ’

225 2353 369 2446 omnibus
391 2383 544 2458 interris,
570 2401 644 2460 quae
668 2392 731 2441 sunt
754 2401 770 2442 a
796 2381 923 2443 Gadibus
944 2399 1036 2460 usque

225 2471 367 2529 Auroram
388 2473 417 2524 et
441 2465 584 2542 Gangen,
609 2467 693 2543 pauci
718 2465 872 2526 dinoscere
896 2475 1017 2544 possunt

224 2553 302 2612 Vera
328 2549 405 2609 bona
426 2557 511 2629 alque
535 2549 591 2609 illis
615 2549 732 2608 inultum
757 2550 890 2623 diversa,
915 2558 1025 2608 remora

224 2636 341 2696 Erroris
365 2631 480 2693 nebula.
518 2630 593 2704 Quid
619 2635 693 2692 eninr
715 2635 826 2694 ratione
851 2633 983 2692 tirnernus

225 2721 282 2779 Aul
305 2713 458 2796 cupimus?
486 2717 554 2795 quid
574 2726 630 2778 tarn
651 2717 753 2777 denno
780 2717 856 2795 pede
882 2717 1030 2796 concipis,
1052 2726 1084 2776 ut
1108 2727 1140 2777 te
1196 2729 1206 2777 5

226 2801 353 2863 Gonatus
374 2818 431 2860 non
455 2802 603 2878 poeniteat
624 2801 743 2878 votique
766 2795 898 2878 peracti?

224 2887 368 2947 Everlero
392 2883 493 2944 domos
518 2893 595 2945 totas
620 2883 785 2962 optantibus
806 2883 878 2962 ipsis

224 2971 261 3030 Di
288 2969 404 3036 laoiles;
431 2970 562 3029 nocitura
584 2977 668 3045 toga,
695 2969 824 3027 nocitura
850 2975 984 3044 peluntur

224 3053 339 3122 Militia
367 3063 482 3113 torrens
506 3052 621 3112 dicendi
648 3052 732 3128 copia
756 3051 851 3111 mullis

225 3136 261 3196 Et
283 3155 334 3197 sua
356 3136 505 3196 mortifera
528 3143 572 3194 est
596 3133 742 3202 facundia;
766 3133 876 3192 viribus
898 3132 949 3192 ille

226 3219 358 3280 Goniisus
384 3221 469 3298 periit
490 3217 721 3296 admirandisque
745 3218 873 3276 lacertis.

225 3303 285 3365 Sed
310 3303 409 3382 plures
432 3303 516 3360 nimia
539 3310 679 3378 congesta
700 3302 826 3378 pecunia
851 3318 919 3360 cura

225 3387 389 3464 strangulat
413 3395 442 3444 el
466 3393 567 3444 cuneta
593 3401 772 3461 exsuperans
797 3382 967 3462 patrimonia
993 3399 1113 3458 census,

226 3469 340 3542 Quanto
367 3467 510 3545 delphinis
533 3467 666 3528 ballaena
691 3466 852 3528 Britannica
873 3467 973 3526 maior.
