2480 4006
222 269 261 330 30
566 281 601 328 n.
626 281 696 329 ron.
718 281 905 330 ruvnnnnrs

221 419 418 482 chironomon
439 417 544 479 Ledam
564 419 644 480 molli
667 419 790 480 saltante
812 420 957 498 Bathyllo,
1202 417 1210 488 l

221 505 329 565 Tuccia
353 503 426 564 resi
493 519 551 562 uon
571 505 709 582 imperat;
732 503 847 582 Appula
869 509 978 582 gannit,
1137 497 1211 586 ’l

220 590 329 649 Sicut
321 607 349 648 ιιι
372 587 524 667 amplexu,
551 587 681 648 subidum
702 597 736 656 et
752 589 932 658 miserabile;
957 590 1115 674 longow
1177 602 1204 660 tt

220 672 351 733 Attendit
374 671 531 748 Thymelen
556 669 696 747 Thymele
718 682 785 731 tunc
807 675 914 733 rustica
937 674 1042 772 discito

219 756 274 816 Ast
298 757 391 832 aliae,
415 756 530 834 quoties
553 755 654 815 aulaea
677 757 828 816 recondita
852 767 979 834 cessant,

219 839 257 901 Et
280 856 374 900 vacuo
398 839 557 916 clausoque
580 847 683 898 sonant
707 839 771 898 iora
795 840 859 900 sola
880 841 1006 918 theatro,
1026 809 1035 876 l

219 924 317 1003 Atque
339 942 356 984 a
378 921 505 984 Pleheiis
527 922 616 999 longe
638 921 818 999 Megalesia,
842 926 941 984 tristes
1017 886 1029 962 l

219 1008 376 1068 Personam
397 1005 583 1084 thyrsumque
609 1015 708 1065 tenent
732 1014 761 1065 et
783 1006 914 1084 subligar
937 1009 1021 1070 Acci.
1179 1018 1193 1075 t

219 1091 343 1152 Urbicus
367 1090 474 1149 exodio
498 1091 586 1148 risum
607 1099 705 1149 movet
726 1088 884 1150 Atellanae
992 1113 1010 1144 ι

219 1174 364 1239 θεειίῑιιιε,
378 1172 544 1233 Autonoes:
567 1173 642 1233 huno
667 1173 760 1251 diligit
783 1173 868 1234 Aelia
890 1193 1012 1253 pauper.

219 1258 347 1319 Solvitur
368 1256 413 1317 his
435 1273 539 1335 magno
561 1257 694 1317 comoedi
717 1257 820 1327 lihula;
841 1268 906 1318 sunt
928 1278 1002 1338 quae

219 1341 442 1418 Chrysogonum
465 1350 581 1402 cantare
601 1350 714 1410 vetent;
738 1340 871 1419 Hispulla
893 1344 1033 1421 tragoedo

219 1425 348 1488 Gaudet:
376 1443 412 1484 an
434 1434 608 1503 exspectas,
630 1434 660 1484 ut
683 1423 873 1498 Quintilianus
898 1425 1027 1487 ametur?
1176 1438 1215 1494 75

159 1568 162 1576 ,
220 1511 338 1588 Accipis
360 1526 499 1585 uxorem,
524 1509 561 1569 de
585 1527 641 1588 qua
666 1509 852 1570 citharoedus
874 1508 987 1571 Echion

220 1594 276 1654 hut
299 1592 462 1672 Glaphyrus
484 1593 533 1653 liat
554 1602 639 1671 pater
662 1593 891 1673 Ambrosiusque
914 1595 1077 1657 choraules.

219 1677 317 1756 houga
340 1695 395 1756 per
416 1686 556 1754 angustos
579 1677 699 1754 figamus
721 1679 831 1757 pulpita
853 1680 946 1755 uicos,

218 1761 363 1822 Orneutur
386 1771 488 1839 postes
514 1770 544 1822 et
565 1760 667 1838 grandi
689 1763 772 1823 ianua
792 1763 886 1837 lauro,

219 1846 256 1907 Ut
271 1845 438 1908 testudineo
462 1844 529 1921 tibi,
555 1843 695 1922 Lentule,
720 1862 855 1924 conopeo
1175 1857 1214 1916 ao

217 1930 332 1992 Nobilis
355 1927 512 2006 Euryalum
535 1929 736 1990 mirmillonem
759 1932 901 2008 exprimat
927 1929 1029 1990 inians.

218 2015 313 2094 Nupta
343 2017 471 2074 senatori
494 2015 628 2074 comitata
651 2023 696 2073 est
718 2011 813 2094 Eppia
836 2014 942 2074 ludium

218 2099 264 2158 nd
286 2099 402 2159 Pharon
425 2107 454 2157 et
475 2097 571 2158 Nilum
594 2098 763 2176 famosaque
787 2100 901 2158 moenia
923 2097 1005 2175 Lagi,

218 2181 353 2259 Prodigia
376 2189 404 2239 et
426 2197 524 2240 mores
550 2180 630 2240 urhis
653 2182 805 2241 damnante
829 2179 961 2259 Canopo.

217 2265 370 2324 lmmemor
390 2263 441 2323 illa
464 2264 565 2322 domus
589 2272 618 2322 et
642 2266 772 2340 coniugis
795 2273 882 2340 atque
905 2265 1015 2323 sororis
1178 2269 1228 2331 as

218 2347 265 2408 Nil
288 2347 399 2426 patriae
422 2346 555 2422 indulsit,
578 2346 789 2424 plorantesque
811 2345 942 2423 improba
963 2355 1059 2423 natos,

217 2431 314 2510 thue
337 2432 429 2507 magis
452 2438 585 2508 stupeas,
608 2429 694 2488 ludos
716 2429 906 2506 Paridemque
927 2430 1054 2511 reliquit.

184 2556 186 2560 -
218 2515 279 2577 Sed
302 2531 472 2593 quamquam
493 2515 522 2572 in
543 2514 654 2590 magnis
677 2512 782 2590 opibus
804 2512 959 2592 plumaque
981 2523 1103 2594 paterna

218 2599 256 2659 Et
278 2599 464 2676 segmentatis
487 2596 642 2656 dormisset
661 2595 781 2676 parvula
803 2597 895 2673 cunis,

220 2680 548 2762 Contempsitpelagus;
564 2681 667 2741 lamam
690 2690 905 2759 contempserat
928 2683 1014 2758 olim,
1178 2694 1213 2750 90

220 2765 308 2828 (luins
331 2766 408 2844 apud
429 2764 534 2825 molles
554 2767 667 2825 minima
691 2773 736 2825 est
757 2767 866 2826 iactura
889 2765 1053 2826 cathedras.

219 2851 387 2928 Tyrrhenos
410 2851 497 2928 igitur
520 2849 623 2910 linctus
645 2849 763 2929 lateque
788 2859 938 2909 sonantem

218 2935 340 2997 Pertulit
361 2934 470 2994 lonium
495 2935 636 2994 constanti
659 2943 800 3012 pectore,
823 2934 952 3011 quamvis

218 3019 382 3080 Nutaudum
403 3020 491 3078 toties
514 3026 593 3078 esset
615 3035 704 3078 mare.
749 3016 826 3076 lusta
849 3016 952 3095 pericli

219 3103 249 3162 Si
273 3103 347 3162 ratio
370 3111 416 3162 est
438 3111 467 3161 et
486 3102 623 3176 honesta,
649 3102 747 3161 timent
769 3101 932 3179 pavidoque
954 3100 1086 3178 gelantur
1176 3111 1211 3167 95

220 3186 361 3262 Pectore,
386 3203 442 3246 nec
463 3185 593 3246 tremulis
615 3194 737 3263 possunt
760 3186 894 3244 insistere
917 3185 1039 3262 plantis:

219 3269 336 3330 Fortem
360 3272 481 3330 animum
505 3277 652 3348 praestant
674 3269 778 3345 rebus,
802 3286 873 3347 quas
896 3270 1018 3347 turpiter
1042 3267 1158 3330 audent.

220 3356 251 3415 Si
275 3353 372 3414 iubeat
386 3355 521 3430 coniunx,
541 3355 642 3416 durum
664 3363 708 3414 est
724 3353 925 3414 conscendere
947 3369 1064 3419 navem:

220 3437 301 3499 Tunc
322 3440 433 3500 sentina
455 3439 569 3516 gravis,
593 3447 659 3498 tunc
682 3456 806 3498 summus
828 3437 948 3496 vertitur
971 3453 1037 3496 aer:

220 3522 302 3598 Quae
320 3524 472 3586 moechum
492 3525 638 3602 sequitur,
662 3523 810 3584 stomacho
828 3519 918 3590 valet;
936 3519 985 3581 llla
1004 3519 1134 3580 maritum
1157 3530 1210 3589 loo
