2460 4004
214 289 254 348 70
553 297 588 344 o.
609 297 680 344 rou.
703 295 888 343 tuvnunnts

214 440 352 514 coneris,
375 439 452 498 iacet
474 438 596 514 exignus
619 453 683 495 oum
704 436 810 495 ramice
831 451 937 494 nervus
1147 447 1191 498 aot

214 526 265 600 Et,
295 524 424 602 quamvis
447 529 508 581 tota
529 519 665 600 palpetur
687 529 789 594 noete,
816 517 932 578 iaoeltit.

214 610 297 669 Anne
319 605 427 685 aliquid
446 623 569 684 sperare
591 613 689 682 potest
711 603 785 664 haee
806 602 929 679 inguinis
951 603 1032 680 aegri

214 687 361 754 Canities?
390 689 457 769 quid
482 687 560 767 qnod
582 689 685 747 merito
707 695 844 765 suspeota
865 685 954 748 libido
977 694 1033 761 eat,

215 777 296 851 Quae
318 775 464 834 Venerem
488 772 605 832 allectat
627 773 689 830 sine
712 765 842 830 rirlltusl
859 767 967 848 Aspioe
989 770 1081 848 partis

214 859 296 920 Nune
319 859 450 919 damnum
471 855 607 922 alterius;
630 871 694 914 nam
718 871 792 934 quae
814 861 946 916 cantante
972 853 1118 932 uoluptas,
1146 865 1190 916 tto

214 946 258 1005 sit
280 943 350 1002 lieet
372 941 510 1014 eximius,
529 937 718 1014 citharoedo,
742 940 817 998 sitve
836 937 992 1014 Seleucus,

214 1028 250 1088 Et
273 1024 377 1106 quibus
398 1032 496 1084 aurata
516 1037 579 1081 moa
602 1030 648 1081 est
669 1021 785 1099 fulgere
807 1019 945 1082 lacerna?
1209 1027 1210 1068 l

214 1109 289 1185 Quid
311 1109 417 1183 refert,
441 1107 536 1184 magni
558 1105 660 1166 sedeat
681 1121 737 1185 qua
760 1115 843 1187 parte
869 1105 984 1181 theatri,

215 1194 270 1268 Qui
293 1193 342 1251 uix
365 1191 530 1252 oornioines
552 1189 688 1249 exaudiet
711 1199 798 1270 atque
824 1189 955 1249 tubarum

215 1273 402 1338 Gonoentusl
427 1274 555 1334 elamore
580 1289 654 1352 opus
676 1281 739 1349 est,
763 1281 801 1346 nt
815 1274 919 1333 sentiat
940 1275 1028 1350 auris,
1146 1283 1188 1336 tlt

214 1360 308 1435 Quem
334 1360 411 1420 dieat
431 1359 549 1438 venisse
573 1373 662 1436 puer,
686 1367 756 1436 quot
777 1358 888 1416 nuntiet
910 1357 1007 1417 horas.

214 1445 370 1505 Praeterea
392 1443 521 1502 minimus
544 1441 642 1520 gelido
666 1441 721 1501 lam
743 1457 870 1520 corpore
894 1443 1009 1518 sanguis

213 1527 309 1588 Fehre
334 1526 411 1588 oalet
435 1526 513 1586 sola:
538 1525 705 1586 oirnumsilit
729 1527 843 1602 agmine
865 1523 943 1584 iacto

213 1611 380 1672 Morborum
404 1624 618 1687 emungentes
648 1625 768 1687 quoram
793 1610 817 1669 si
841 1610 954 1668 nomina
976 1625 1137 1687 quaeras,

214 1696 375 1774 Promptius
401 1693 569 1772 expediam,
594 1702 665 1772 quot
686 1694 823 1753 amaverit
845 1691 939 1771 Oppia
961 1693 1113 1769 moeolros,
1146 1701 1188 1755 tit

215 1779 292 1853 Quot
315 1777 471 1838 Themison
495 1789 603 1853 aegros
624 1785 756 1836 autumno
779 1776 922 1836 onoiderit
948 1791 1034 1852 uno,·

214 1865 291 1938 Quot
315 1861 427 1922 Basilus
448 1861 564 1935 aonios,
589 1868 659 1939 quot
682 1861 943 1939 oireurnserlpaerit
963 1859 1064 1920 Hirrus

215 1945 358 2026 Pupillos,
383 1955 453 2024 quot
479 1945 566 2022 longa
592 1946 670 2004 viros
693 1944 851 2006 exsorbeat
878 1959 932 2004 uno

213 2030 311 2092 llaura
336 2031 399 2106 die,
422 2035 493 2109 quot
517 2029 675 2106 distipulos
698 2029 816 2089 lnolinet
839 2027 994 2095 Hamillus;
1208 2085 1213 2096 ,

204 2107 383 2175 ‘Percurram
406 2115 507 2188 eitius,
535 2121 606 2191 quot
625 2112 710 2172 villae
735 2113 886 2190 possideat
906 2129 991 2186 nunc,
1144 2121 1210 2179 itti,

215 2197 279 2272 Quo
303 2197 442 2256 tondente
464 2197 562 2273 gravia
584 2191 680 2256 iuveni
704 2198 770 2258 milti
794 2197 884 2257 ltarlta
910 2195 1041 2256 sonabat.
1206 2193 1211 2263 l

215 2282 267 2342 llle
292 2281 429 2356 humero,
453 2280 501 2339 hio
523 2275 640 2356 lumbis,
670 2280 717 2341 hio
739 2295 814 2341 ooxa
836 2280 956 2350 debilia;
982 2279 1084 2340 amltos
1205 2284 1211 2349 l

213 2363 340 2425 Perdidit
365 2363 414 2423 ille
437 2362 541 2422 oeulos
564 2371 593 2423 et
614 2363 703 2424 lusola
727 2366 849 2434 invidet;
877 2365 960 2424 liuius

213 2447 323 2508 Pallida
346 2447 429 2507 labra
450 2445 543 2507 elbum
566 2449 710 2527 accipiunt
731 2446 828 2526 digitis
852 2449 964 2525 olienis,

213 2532 280 2612 lpse
303 2531 339 2591 ad
365 2541 553 2610 conspectum
576 2547 687 2594 coenae
710 2533 849 2593 diducere
870 2535 971 2592 rictum
1079 2597 1081 2600 ,
1143 2537 1185 2593 2³0

213 2618 318 2676 Suetus
343 2615 402 2676 lniat
428 2623 550 2692 tantum,
575 2632 628 2676 eeu
652 2618 747 2696 pullus
771 2613 944 2692 hirundinis,
968 2615 1003 2676 ad
1027 2631 1112 2695 quem

214 2699 271 2759 Ore
292 2699 371 2759 volat
397 2695 485 2778 pleno
508 2709 598 2760 mater
623 2702 727 2762 ieiuna.
764 2701 824 2761 Sed
846 2702 922 2760 omni

213 2777 406 2843 Membrorum
428 2784 529 2844 damno
552 2785 643 2845 maior
668 2785 827 2860 dementia,
854 2798 928 2864 quae
947 2799 1002 2843 neo

212 2865 334 2927 Nomina
360 2881 510 2928 servorum
532 2882 587 2928 neo
609 2869 715 2928 vultum
740 2871 871 2946 agnoseit
890 2870 983 2944 amici,

213 2948 284 3010 cnm
306 2969 362 3030 quo
386 2953 543 3030 praeterita
566 2955 700 3013 coenavit
723 2961 826 3028 noete,
850 2969 907 3012 neo
927 2948 1006 3026 lllos,
1142 2953 1184 3010 tet

213 3033 294 3107 Quos
316 3033 431 3112 genuit,
455 3051 530 3115 qnos
553 3036 660 3095 eduxit.
693 3035 765 3096 Nam
788 3038 891 3097 eodioe
915 3051 1004 3095 saevo

211 3117 342 3179 lleredes
363 3128 442 3179 vetat
465 3135 532 3178 esse
555 3135 642 3194 suos,
664 3119 741 3180 hona
763 3127 823 3181 tota
845 3120 975 3180 teruntur

211 3200 258 3261 Ad
283 3201 415 3270 Phialen:
444 3211 548 3262 tantum
571 3203 688 3261 artideis
710 3203 788 3263 valet
809 3204 913 3264 ltalitna
935 3204 1006 3279 orla,

212 3284 297 3359 Quod
322 3295 443 3346 steterat
461 3285 556 3346 multis
580 3285 608 3344 in
631 3299 751 3346 eernere
773 3287 894 3347 iornloia
917 3287 1006 3347 annis.

212 3367 249 3428 ttt
270 3371 387 3446 vigeant
413 3387 517 3428 sensus
543 3371 644 3446 animi,
673 3369 805 3432 ducenda
828 3381 923 3432 tamen
945 3371 1002 3429 tint

211 3451 325 3511 Funera
348 3462 495 3528 natorum,
518 3469 608 3531 rogus
630 3455 814 3532 aspiciendus
841 3465 951 3516 amatae

209 3531 351 3610 Coniugis
374 3543 403 3594 et
425 3535 522 3596 fratris
549 3537 713 3616 plenaeque
736 3539 888 3597 sororibus
914 3552 1013 3598 urnae.
1109 3577 1112 3582 -
