2480 4006
242 741 246 746 ,
306 695 346 786 n.
373 694 482 788 mun
508 696 731 828 ruminus

211 887 214 892 ·
371 905 373 908 -
431 865 609 942 nitidius

177 1009 977 1172 sicininum„

389 1219 492 1282 LIBER
517 1221 648 1288 PRIMUS.

434 1405 605 1414 ——..

366 1519 604 1586 SATIRA
640 1522 668 1586 Ι.

21 1619 153 1727 Semper
174 1663 232 1724 ego
252 1648 363 1708 auditor
384 1649 512 1711 tantum?
534 1668 723 1730 numquamne
746 1668 902 1731 reponam,

20 1736 153 1796 Venatus
174 1733 262 1793 toties
283 1735 363 1795 rauci
385 1735 534 1797 Theseide
557 1735 645 1798 Cordi
652 1734 666 1796 i

21 1820 141 1897 Impune
163 1834 236 1894 ergo
256 1817 323 1877 mihi
344 1820 511 1880 recitaverit
532 1821 582 1880 ille
604 1829 735 1898 togatas,

21 1903 74 1962 Hic
96 1897 222 1978 elegos?
243 1903 358 1981 impune
381 1903 457 1964 diem
480 1905 691 1981 consumpserit
713 1906 816 1979 ingens

21 1984 172 2063 Telephus
192 1993 239 2045 aut
262 1988 363 2046 summi
382 1987 469 2066 plena
488 1988 543 2046 iam
565 1987 692 2063 margine
710 1986 776 2046 libri
888 2049 891 2059 ,

22 2069 156 2146 Scriptus
180 2078 208 2128 et
229 2069 258 2127 in
279 2078 364 2147 tergo
382 2066 438 2130 nec
460 2071 525 2130 dum
547 2071 641 2130 iinitus
664 2066 806 2130 Orestes?

21 2151 95 2212 Nota
119 2153 211 2230 magis
233 2153 304 2213 nulii
325 2153 425 2214 domus
446 2165 491 2214 est
511 2174 577 2231 sua,
601 2171 685 2232 quam
708 2153 775 2213 mihi
797 2153 879 2214 lucus

20 2235 119 2297 diariis
143 2246 173 2296 et
195 2236 308 2297 Aeoliis
329 2239 452 2298 vicinum
473 2239 592 2318 rupibus
612 2247 721 2298 antrum

21 2320 154 2380 Vulcani.
185 2319 260 2393 Quid
282 2332 368 2398 agant
388 2323 485 2400 venti,
508 2341 579 2402 quas
600 2331 733 2400 torqueat
752 2321 869 2382 umbras

19 2405 155 2479 Aeacus,
179 2404 255 2464 unde
277 2405 350 2465 alius
369 2406 493 2466 furtivae
513 2405 638 2466 devehat
660 2424 758 2466 aurum
974 2417 1007 2468 10

18 2486 199 2564 pelliculae,
222 2497 343 2567 quantas
364 2491 505 2550 iaculetur
526 2489 686 2565 Monychus
710 2506 814 2565 ornos,
845 2503 847 2508 ·

18 2568 176 2630 Frontonis
195 2571 303 2649 platani
325 2575 523 2652 convulsaque
546 2591 688 2634 marmora
711 2574 834 2634 clamant

18 2656 145 2732 Semper
165 2663 196 2714 et
217 2656 333 2716 assiduo
353 2666 456 2736 ruptae
478 2657 592 2718 lectore
613 2657 779 2725 columnae:

17 2736 187 2815 Exspectes
212 2740 314 2806 cadem
334 2757 350 2800 a
372 2758 480 2801 summo
503 2743 676 2818 minimoque
699 2749 797 2819 poeta.

16 2818 55 2878 m
75 2839 130 2880 nos
149 2839 222 2899 ergo
243 2841 355 2884 manum
375 2825 486 2884 ferulae
511 2825 712 2898 subduximus,
735 2831 764 2881 et
783 2837 837 2880 nos
972 2833 1004 2882 15

17 2901 179 2964 Consilium
201 2905 333 2967 dedimus
357 2908 623 2986 Sullae„privatus
646 2915 677 2965 ut
699 2905 786 2964 altum

15 2986 180 3056 Dormiretr
202 2990 289 3058 stulta
308 3001 352 3051 est
375 2992 543 3068 clementia,
563 3007 648 3068 quum
667 2998 710 3048 tot
730 2988 837 3066 ubique

15 3068 140 3131 Vatibus
162 3089 320 3149 occurras,
342 3077 489 3153 periturae
510 3091 634 3153 parcere
656 3072 784 3132 chartae.

17 3151 77 3214 Gur
98 3165 195 3216 tamen
215 3157 273 3217 hoc
295 3160 391 3236 potius
413 3159 503 3218 libeat
524 3158 681 3218 decurrere
705 3173 822 3234 campo,

16 3235 73 3296 Per
96 3257 182 3316 quem
203 3259 324 3318 magnus
346 3260 439 3322 equos
459 3242 613 3302 Auruncae
635 3241 715 3301 flexit
737 3239 884 3314 alumnus,
972 3250 1005 3300 uo

18 3322 49 3380 Si
68 3332 153 3383 vacat
175 3341 211 3383 ac
232 3325 341 3402 placidi
363 3327 503 3387 rationem
525 3325 686 3399 admittitis,
710 3322 799 3386 edam.

78 3405 171 3480 Quum
194 3415 278 3468 tener
300 3427 422 3470 uxorem
442 3411 527 3471 ducat
549 3409 655 3488 spado,
674 3406 787 3467 Maeuia
809 3405 932 3466 Tuscum

18 3485 100 3564 Figat
122 3507 224 3568 aprum
248 3501 276 3551 et
294 3493 369 3553 nuda
391 3502 491 3554 teneat
510 3492 654 3554 venabula
675 3507 804 3636 mammap

58 3589 114 3633 rou.
130 3593 193 3632 sar.
