2480 4006
195 207 237 266 40
536 213 572 262 n.
596 213 668 260 uun.
694 211 881 259 ruuuunurs

197 357 259 419 Una
282 354 426 416 laboranti
447 353 555 432 poterit
577 369 749 412 succurrere
774 351 869 412 lunae.

197 439 320 518 lmponit
345 437 431 498 linem
453 439 570 516 sapiens
595 446 624 497 et
646 435 734 496 rebus
757 434 901 502 honestis:

196 523 269 584 Nam
292 539 367 602 quae
391 521 477 582 docta
499 521 581 581 nimis
605 522 684 599 cupit
706 528 735 579 et
757 518 880 580 facunda
901 516 1005 594 videri,
1148 527 1202 579 445

198 605 291 668 Crura
312 615 396 666 tenus
419 604 515 664 medio
538 605 650 664 tunicas
672 605 846 681 succingere
871 601 969 678 debet,

198 690 331 754 (laedere
354 688 472 750 Siluano
495 705 632 768 porcum,
655 688 813 767 quadrante
836 687 936 747 lavari.

196 775 262 836 Non
283 773 390 835 habeat
411 781 557 848 matrona,
582 770 633 830 tibi
656 789 730 850 quae
752 773 848 831 iuncta
871 769 1024 844 recumbit,

197 858 319 920 Dicendi
340 874 450 935 genus,
475 865 523 916 aut
545 873 662 914 curuum
685 872 819 914 sermone
841 861 936 914 rotato
1190 901 1193 906 .

197 943 345 1021 Torqueat
370 938 567 1014 enthymema,
591 956 648 999 nec
670 939 805 999 historias
829 939 900 998 sciat
923 954 1039 1004 omnes;
1145 945 1198 997 450

197 1025 257 1087 Sed
281 1023 421 1104 quaedam
444 1040 482 1081 ex
503 1022 584 1084 libris
610 1032 638 1086 et
659 1039 717 1081 non
739 1022 899 1100 intellegat.
926 1019 979 1081 Odi

196 1109 277 1170 Hanc
300 1124 375 1185 ego,
399 1124 475 1184 quae
497 1106 604 1185 repetit
628 1105 778 1186 volvitque
802 1106 984 1166 Palaemonis
1008 1113 1114 1179 artem,

197 1195 319 1254 Servata
342 1207 459 1268 semper
482 1191 549 1268 lege
574 1199 607 1250 et·
625 1191 736 1250 ratione
761 1191 910 1270 loquendi,

196 1277 377 1354 lgnotosque
400 1273 468 1333 mihi
491 1283 571 1334 tenet
593 1275 751 1353 antiquaria
774 1292 888 1350 versus,

197 1360 263 1420 Nec
291 1357 418 1418 curanda
437 1358 507 1418 viris
532 1361 637 1436 opicae
665 1359 926 1437 castigat'amicae
1141 1364 1193 1418 455

197 1443 310 1504 Verba:
338 1441 543 1504 soloecismum
565 1443 653 1503 liceat
676 1442 784 1503 iecisse
807 1444 918 1503 marito.

238 1525 286 1587 Nil
307 1543 365 1585 non
386 1529 524 1605 permittit
546 1527 649 1588 mulier
671 1527 742 1604 sibi,
769 1538 852 1606 turpe
878 1534 957 1604 putat
982 1524 1031 1599 nil,

198 1610 291 1684 Quum
311 1610 420 1670 virides
442 1629 572 1688 gemmas
597 1611 674 1672 collo
700 1610 888 1672 circumdedit
913 1619 942 1670 et
968 1626 1051 1686 quum

197 1693 323 1754 Auribus
349 1696 479 1754 extensis
500 1711 620 1771 magnos
645 1696 786 1754 commisit
811 1693 961 1755 elenchos.

197 1775 411 1839 Intolerabilius
435 1778 506 1838 nihil
533 1788 592 1856 est,
618 1796 701 1856 quam
724 1778 829 1838 lemina
851 1778 944 1838 dives.
1136 1785 1190 1838 460

196 1862 311 1922 Interea
334 1860 422 1922 loeda
444 1870 566 1942 aspectu
588 1862 766 1942 ridendaque
787 1860 876 1921 molto

197 1946 275 2007 Pane
300 1953 389 2006 tumet
412 1945 505 2007 iacies
526 1955 574 2008 aut
597 1947 714 2025 pinguia
737 1946 913 2026 Poppaeana

197 2028 311 2109 Spirat,
326 2039 363 2101 ¹et
384 2029 452 2091 binc
473 2031 571 2090 miseri
591 2032 738 2091 viscantur
760 2030 841 2091 labra
863 2029 971 2090 mariti:

198 2113 243 2173 Ad
264 2113 417 2173 moechum
434 2114 494 2174 lota
515 2115 632 2174 veniunt
653 2125 728 2174 cute.
762 2114 881 2188 Quando
901 2112 993 2173 videri

197 2197 265 2256 Vult
287 2197 415 2257 formosa
435 2195 534 2258 domii
566 2197 696 2258 moechis
722 2198 822 2258 foliata
837 2205 993 2276 parantur:
1133 2207 1185 2260 465

198 2279 247 2338 llis
270 2281 389 2355 emitur,
413 2281 550 2360 quidquid
573 2282 702 2358 graciles
724 2282 779 2342 buc
801 2282 910 2341 mittitis
932 2279 1003 2340 lndi.

197 2363 325 2424 Tandem
346 2365 439 2442 aperit
459 2364 567 2424 vultum
590 2374 619 2424 et
641 2367 764 2426 tectoria
788 2367 879 2444 prima
900 2365 1031 2444 reponit:

197 2447 301 2525 Incipit
322 2449 460 2524 agnosci,
485 2456 572 2527 atque
596 2449 646 2509 illo
670 2449 746 2509 lacte
771 2450 897 2525 fovetur,

196 2531 321 2609 Propter
343 2531 421 2609 quod
439 2550 538 2592 seeum
556 2535 677 2593 comites
697 2535 794 2594 educit
816 2533 935 2609 asellas,

197 2613 273 2674 Exul
293 2613 516 2693 Hyperboreum
538 2618 563 2676 si
586 2618 741 2679 dimittatur
764 2619 800 2679 ad
822 2636 915 2682 axem,
1133 2625 1182 2678 470

197 2698 257 2758 Sed
283 2716 358 2777 quae
383 2701 497 2760 mutatis
521 2701 664 2762 inducitur
690 2699 776 2780 atque
799 2701 915 2762 levetur

94 2832 97 2840 f
197 2781 252 2842 Tot
273 2782 510 2844 medicaminibus
534 2795 695 2866 coctaeque
720 2786 842 2864 siliginis
865 2785 939 2845 ollas

197 2865 314 2945 Accipit
337 2875 366 2926 et
386 2868 537 2946 madidae,
563 2871 655 2931 iacies
678 2871 791 2931 dicetur
814 2887 850 2929 an
870 2865 978 2929 ulcus?

239 2948 292 3009 Est
315 2953 438 3028 pretium
461 2971 548 3014 curae
571 2955 686 3033 penitus
712 2971 912 3034 cognoscere,
937 2962 997 3012 toto

197 3032 272 3106 Quid
294 3032 401 3095 faciant
422 3038 590 3117 agitentque
611 3038 668 3098 die.
706 3040 736 3098 Si
758 3047 845 3098 nocte
867 3039 984 3098 maritus
1129 3043 1178 3098 475

196 3116 328 3176 Aversus
349 3118 452 3196 iacuit,
476 3123 562 3200 periit
585 3121 718 3198 libraria,
742 3130 851 3201 ponunt

198 3198 353 3262 cosmetae
377 3206 505 3280 tunicas,
530 3205 610 3264 tarde
634 3206 751 3266 venisse
774 3205 915 3265 Liburnus

194 3283 307 3344 Dicitur
326 3296 359 3346 et
380 3304 491 3366 poenas
512 3288 600 3348 alieni
623 3289 753 3367 pendere
777 3290 868 3349 somni

197 3365 333 3444 Cogitur:
363 3370 410 3429 hic
433 3370 538 3448 frangit
558 3372 681 3448 ferulas,
705 3371 789 3433 rubet
811 3373 861 3448 ille
884 3373 1015 3450 llagello,

196 3451 250 3511 llic
273 3452 397 3524 scutica;
421 3463 486 3512 sunt
508 3472 582 3533 quae
605 3455 762 3518 tortoribus
785 3475 876 3517 annua
899 3463 1056 3534 praestent.
1126 3465 1174 3518 480
