2480 4006
201 257 288 310 mv
599 255 806 305 1111111110.

202 415 247 456 suo
260 399 311 454 iure
321 399 423 471 flagitat,
435 412 495 468 puer
504 413 553 452 non
570 397 643 460 iterare
653 395 702 452 hoc
713 398 788 469 igitur
796 415 884 456 munus
894 403 1007 471 penhart
1018 391 1179 460 additamento

200 498 230 540 eo
242 483 331 538 certius
349 481 486 555 siguificare
499 497 571 536 amru
581 496 649 549 sum,
668 497 715 552 quo
733 483 812 538 minor
827 484 958 553 particulae
967 485 1018 541 illic
1026 487 1063 541 vis
1074 495 1177 558 apparet
1224 472 1225 544 l

200 567 236 624 Ne
255 573 335 622 tamen
355 567 427 622 etiam
443 564 634 636 vilipensioni,
655 579 726 636 quem
738 581 821 622 omnes
833 568 883 622 lere
899 567 952 622 libri
964 569 1077 625 exhibent
1087 570 1179 625 necPi-

200 651 296 706 thoeani
310 667 361 723 po.
370 651 407 708 ‚io
426 649 544 713 excludit,
553 647 681 720 1119111111
691 647 739 703 hoc
750 657 786 704 est
792 651 920 723 ppqionem
932 667 988 708 cum
999 651 1080 708 lahnio
1091 653 1179 708 substi-

200 742 306 800 tuerem,
325 735 350 790 in
366 740 431 789 taum
448 732 630 805 significationis
646 732 801 788 similitudine
811 750 860 790 non
871 735 938 790 latini
948 742 1042 792 tantum
1053 737 1097 792 sed
1108 737 1179 792 ctiam
1227 794 1228 810 ,

200 819 282 891 graeci
293 818 410 872 sermonis
420 816 542 872 silentium
552 814 688 884 prohibuit,
704 817 745 887 qui
756 818 863 889 necipse
872 819 1001 887 nuperius
1012 820 1090 882 novit:
1102 835 1182 890 neque
1226 813 1228 878 ζ

199 919 231 958 cc
240 909 264 956 te
273 902 353 970 potius
364 915 436 971 mam
446 905 494 954 ate
511 897 630 952 scribendi
640 913 712 953 causa
723 901 747 954 in
758 900 881 958 Pithoeaui
892 919 974 958 rasura
985 903 1106 967 exstabat,
1119 918 1182 974 quae

200 985 245 1039 etsi
261 999 308 1038 una
318 983 387 1038 litera
397 982 498 1053 amplior
507 981 552 1046 sit,
572 980 620 1036 hoc
635 982 687 1052 ipso
698 985 775 1053 spatio
793 987 879 1041 erroris
890 988 992 1058 vestigia
1003 992 1095 1042 utente
1105 987 1182 1041 conti·

199 1083 256 1124 nere
263 1073 354 1137 potest.
370 1093 406 1104 —
419 1066 448 1119 V.
462 1069 497 1125 65
507 1064 615 1120 cibidum
625 1079 688 1137 eget
705 1067 805 1124 1111111111
815 1070 920 1140 plurimi,
931 1069 1007 1126 sedito
1017 1070 1113 1124 Iahnius
1125 1085 1180 1124 cum

199 1150 323 1208 Pithoeani
339 1165 413 1205 manu
429 1149 522 1220 priore,
542 1164 590 1204 non
609 1155 704 1218 umen,
723 1153 820 1222 opinor,
838 1169 886 1225 quo
904 1155 940 1209 sic
950 1155 1074 1224 scripsisse
1084 1160 1180 1223 poetam

200 1235 359 1302 arbitraretur,
367 1234 447 1288 sedne
458 1232 545 1288 inloco
553 1233 917 1303 desperatcalnndamentosuo
927 1237 1025 1309 longius
1034 1236 1181 1298 discederet:
1231 1225 1232 1282 l

199 1332 344 1390 quamquam
354 1317 417 1372 viam
427 1316 568 1372 ementiendi
580 1317 627 1370 iam
639 1320 779 1373 monstravit
793 1319 820 1375 G.
832 1319 945 1378 Banhus
954 1327 979 1376 ct
990 1320 1017 1377 P.
1029 1321 1181 1376 Burmannus
1232 1351 1233 1354 =

198 1401 267 1458 sudet
278 1400 450 1472 proponendo,
468 1400 532 1472 quod
543 1399 642 1454 verbum
653 1400 793 1480 libidinosae
803 1403 910 1458 mulieris
926 1403 1043 1473 pmritum
1055 1403 1180 1465 describit:

200 1485 303 1557 indeque
313 1484 377 1540 facili
386 1485 487 1556 negotio
498 1483 642 1538 adiectivum
651 1483 763 1556 lingitur,
775 1486 839 1557 quod
854 1487 899 1542 etsi
908 1502 983 1542 unum
1000 1493 1122 1556 praeterea
1133 1487 1181 1540 he·

200 1571 294 1626 dituum
305 1569 368 1640 apud
380 1567 440 1624 Geli.
451 1567 516 1622 lllll.
528 1571 545 1626 9
562 1582 690 1638 usurpasse
700 1576 793 1624 certum
803 1576 853 1635 est,
864 1576 945 1625 tamen
957 1577 981 1624 et
992 1570 1077 1625 rationi
1089 1576 1114 1624 ct
1125 1584 1180 1624 sen·

199 1654 289 1710 tentiae
299 1653 426 1724 insigniter
436 1652 561 1718 convenit,
572 1666 650 1722 neque
660 1652 715 1720 hoc,
728 1660 755 1708 ut
766 1669 850 1724 spero,
862 1654 884 1709 ei
894 1653 1007 1722 nocebit,
1018 1653 1083 1725 quod
1094 1653 1177 1712 eodem
1235 1658 1236 1688 r

201 1744 322 1807 tempore,
340 1750 388 1807 quo
406 1749 453 1806 ego
469 1734 518 1788 hoc
527 1734 628 1790 alterum
646 1737 696 1790 eius
708 1738 843 1807 exemplum
855 1738 976 1804 revocavi,
994 1737 1105 1791 llertaius
1116 1735 1178 1806 apud

200 1820 304 1876 Gellium
314 1819 450 1890 nescioquo
461 1816 666 1873 anctoresuhitum
676 1819 757 1874 edidit.
775 1819 853 1875 hlinns
859 1834 973 1892 pugnov.
981 1822 1015 1877 70
1027 1834 1070 1891 pro
1081 1821 1178 1875 nomine

203 1904 272 1970 dcci,
289 1904 353 1976 qnod
371 1903 426 1958 ideo
436 1908 529 1957 tantum
540 1903 661 1967 revocavi,
674 1903 729 1974 quia
740 1920 811 1968 uene,
824 1904 888 1974 quod
903 1905 928 1959 in
944 1903 1006 1960 Pith.
1023 1909 1066 1968 est,
1085 1917 1117 1958 ne
1127 1903 1178 1972 ipse

200 1989 310 2062 quidem,
322 1986 363 2060 qui
373 1991 457 2042 umen
466 1985 574 2058 tropoedi
584 1987 723 2056 explicavit,
735 1988 863 2043 scholiasta
873 1988 959 2043 melius
970 2002 1042 2060 quam
1052 2001 1098 2042 nos
1107 1986 1178 2041 intei-

200 2073 286 2130 lexirse
296 2072 402 2133 videtum
413 2071 456 2125 sed
466 2076 494 2124 ut
504 2069 580 2124 lahnii
587 2071 722 2126 cautionem
732 2071 812 2141 laudo,
819 2073 1004 2144 quicorruptum
1012 2081 1084 2142 quam
1094 2084 1177 2140 suspe-

200 2163 267 2212 otum
278 2155 349 2208 edere
359 2153 450 2220 maluit,
462 2154 495 2207 ita
505 2167 551 2206 nec
562 2167 601 2206 me
615 2154 785 2224 reprehensum
801 2156 829 2209 iri
839 2170 917 2225 spero,
929 2155 969 2225 qui
979 2153 1026 2208 hac
1035 2155 1059 2208 in
1073 2153 1177 2209 editione

199 2255 248 2294 non
258 2237 307 2308 legi
317 2242 410 2291 tantum
421 2236 463 2290 sed
475 2235 547 2289 etiam
557 2236 665 2308 intehegi
675 2237 811 2292 Iuvenalem
821 2237 946 2292 voluerim.
960 2264 997 2274 —
1014 2236 1041 2293 V.
1056 2241 1114 2295 117.
1126 2241 1178 2294 118

199 2339 243 2379 cnr
252 2319 453 2390 transposuerim,
471 2319 560 2373 inserto
577 2325 632 2373 ante
641 2325 735 2391 tepeten
746 2335 799 2374 mea
809 2334 840 2373 ex
853 2321 991 2374 coniectura
1000 2326 1036 2381 et.
1048 2321 1072 2374 in
1083 2319 1175 2374 Vindio.

199 2421 225 2478 p.
238 2412 270 2463 11
282 2402 390 2475 pluribus
401 2402 509 2472 exposui,
521 2401 658 2474 ibidemque
667 2403 786 2476 cancellos
795 2405 883 2460 ulli.
897 2407 955 2461 157.
968 2407 1017 2461 171
1030 2403 1123 2474 positos
1134 2403 1176 2458 de·

199 2488 277 2552 iendi;
289 2486 375 2558 quihus
392 2491 419 2540 ut
429 2491 523 2555 praeter
534 2501 555 2540 v.
569 2488 634 2553 116,
650 2501 697 2557 qvo
709 2493 733 2540 et
743 2485 805 2542 Pith.
816 2491 895 2553 caret,
911 2487 959 2541 iam
970 2487 1067 2542 ctiamv
1087 2490 1137 2544 115
1152 2493 1175 2542 ei

200 2575 252 2631 130
263 2570 386 2634 adderem,
407 2583 456 2624 non
471 2574 605 2623 stmcturae
622 2569 700 2642 magis
716 2569 903 2624 inconcinnitate
920 2584 991 2642 quam
1002 2570 1115 2642 imaginis
1126 2570 1176 2624 ian-

199 2669 277 2728 guore
293 2659 373 2708 motus
389 2667 450 2707 sum.
482 2651 653 2710 1111511111
669 2659 694 2708 et
704 2653 818 2724 asyndeto
828 2653 933 2719 laborat,
950 2661 974 2708 et
985 2654 1176 2709 antecedentium

199 2738 318 2796 atrocitati
328 2736 386 2792 nihil
399 2736 444 2791 nisi
455 2735 561 2808 vulgaris
577 2736 709 2791 meretricis
724 2737 830 2807 speciem
840 2737 918 2793 verbis
930 2738 1018 2808 pariter
1028 2753 1056 2792 ac
1071 2736 1176 2792 numeris

199 2824 301 2879 inertem
312 2820 390 2883 addit:
402 2837 424 2876 v.
440 2823 490 2878 130
501 2827 581 2875 autem
592 2821 675 2890 etipse
687 2835 753 2875 acres
764 2822 899 2892 praegressi
909 2821 1019 2876 versiculi
1031 2821 1124 2876 colores
1134 2835 1176 2873 ex-

198 2907 310 2978 plicando
321 2912 429 2961 attenuat
439 2904 558 2976 simulque
568 2904 724 2976 polysyndeto
733 2904 865 2960 naturalem
876 2903 989 2959 orationis
1001 2919 1097 2958 cursum
1108 2917 1176 2974 prae·

199 2997 236 3045 ter
247 3005 343 3044 omnem
354 2989 522 3044 necessitatem
533 2987 623 3048 tardat:
634 2987 720 3058 quibus
729 2987 760 3043 de
770 2987 841 3042 rebus
852 3001 995 3058 quamquam
1008 3001 1079 3042 suum
1091 2987 1178 3055 cuique

201 3072 317 3129 iudicium
329 3071 430 3143 relinqui
441 3071 520 3134 debet,
533 3069 633 3124 cancelli
643 3075 723 3126 tamen
734 3071 807 3126 etiam
818 3070 948 3140 suspicioni
959 3069 1047 3140 abquid
1057 3068 1178 3139 indulgeri

198 3157 328 3228 patiuntur.
343 3181 379 3194 —
390 3155 417 3209 V.
427 3161 475 3212 151
486 3160 592 3208 veterem
605 3167 684 3208 meam
690 3155 851 3210 coniecturam
862 3153 999 3228 quemdum
1008 3151 1071 3208 enin
1080 3151 1123 3207 hoc
1133 3166 1177 3221 pro

199 3240 227 3296 in
236 3239 279 3295 boe
289 3239 312 3294 in
325 3238 432 3294 ordinem
442 3237 535 3308 recepi,
547 3239 602 3308 quia
613 3237 637 3292 in
647 3237 684 3303 iis,
697 3254 758 3310 quae
768 3238 926 3302 antecedunt,
938 3253 987 3292 non
997 3242 1108 3307 sumptus
1118 3235 1176 3300 deri,

198 3323 241 3380 sed
251 3325 314 3395 ipsas
324 3337 363 3378 ros
373 3321 418 3377 sibi
429 3328 550 3394 tamquam
561 3323 662 3394 exiguas
673 3323 755 3378 donari
766 3339 827 3378 uxor
836 3322 902 3384 vult;
914 3335 960 3375 neo
969 3337 992 3377 v.
1001 3324 1052 3378 153
1065 3319 1177 3375 audacius

199 3406 279 3480 egbse
294 3407 390 3474 videor,
408 3406 448 3478 qui
466 3406 620 3462 aPithoeana
634 3407 738 3463 lectione
753 3423 799 3481 queo
814 3407 844 3462 ad
855 3412 960 3462 veterem
972 3421 1042 3478 muto
1058 3403 1175 3468 redierim,

199 3492 255 3564 qvia
270 3507 317 3546 non
328 3497 394 3546 totus
405 3491 508 3560 mensis,
519 3491 561 3547 sed
572 3490 733 3547 Satnmalium
743 3498 839 3562 tempus
850 3490 912 3546 circa
922 3489 1031 3544 bmmam
1044 3487 1175 3559 respicitur,

196 3577 277 3648 deque
291 3576 369 3648 ipsum
381 3592 425 3650 qvo
436 3592 449 3631 a
460 3591 526 3651 quom
545 3577 578 3631 ita
589 3577 672 3642 distat,
689 3582 717 3632 ut
728 3575 838 3633 consulto
850 3576 951 3650 alterum
964 3589 1008 3645 pro
1019 3572 1093 3628 altero
1105 3567 1176 3626 scribi
