2460 4004
350 251 475 300 SATIRA
498 251 555 298 XV.

37 395 153 456 Naturae
181 393 302 472 imperio
324 393 481 469 gemimus,
508 407 593 466 quum
613 389 697 450 funus
722 391 838 452 adultae

38 481 154 557 Virginis
178 477 304 536 occurrit
329 476 378 535 vel
400 485 478 534 terra
502 473 645 533 clauditur
671 475 763 534 inians

35 563 66 622 llt
88 564 179 621 minor
200 563 267 638 igne
290 561 370 636 rogi;
396 561 459 638 quis
483 558 558 617 euim
580 557 673 616 bouus
698 568 727 618 et
747 560 812 620 lace
836 563 938 640 dignus
964 575 1013 628 140

34 646 160 720 Arcana,
184 645 299 723 qualem
326 641 444 715 Cereris
466 642 528 701 vult
552 659 619 700 esse
642 643 794 720 sacerdos,

33 731 96 790 Ulla
118 729 211 789 aliena
233 727 288 787 sibi
314 727 405 787 credit
427 723 523 787 mala‘l
561 726 686 802 Separat
708 725 766 786 lroc
788 745 842 788 nos

32 814 55 872 Α
81 831 172 890 grege
194 821 351 887 mutorum,
376 820 462 890 atque
485 809 552 869 ideo
576 809 745 868 venerabile
768 812 824 872 soli

31 898 127 958 Sortiti
148 897 294 974 ingenium
317 895 536 972 divinorumque
558 911 683 972 capaces

38 982 124 1070 ltqqe
153 980 325 1047 exercendis
353 979 561 1057 capiendisque
588 976 696 1036 artibus
723 979 783 1055 apti
964 994 1013 1048 145

28 1067 151 1124 Sensum
178 1083 194 1124 a
217 1063 341 1123 coelesti
368 1063 522 1122 demissum
544 1062 680 1120 traximus
703 1079 782 1136 arce,

30 1148 116 1208 Cuius
139 1157 227 1226 egent
248 1164 339 1226 prona
364 1155 393 1206 et
414 1155 520 1204 terram
542 1145 712 1221 spectantia.
753 1144 850 1208 Mundi

28 1233 171 1312 Principio
196 1231 314 1292 indulsit
340 1230 495 1290 communis
520 1228 651 1288 conditor
675 1228 732 1288 illis

28 1317 147 1376 Tantum
172 1317 297 1392 animas,
320 1315 403 1374 uobis
427 1315 548 1374 animum
571 1330 703 1391 quoque,
728 1323 841 1376 mutuus
864 1327 895 1378 ut
916 1337 969 1380 nos

26 1401 158 1461 Allectus
183 1409 285 1478 petere
308 1400 443 1459 auxilium
466 1406 495 1456 et
521 1405 670 1474 praestare
693 1396 817 1474 iuberet,
961 1416 1013 1468 150

26 1485 187 1563 Dispersus
211 1482 327 1543 trahere
348 1484 377 1541 in
398 1480 552 1560 populum,
576 1480 701 1556 migrare
725 1490 840 1540 vetusto

25 1567 71 1628 De
93 1585 214 1628 nemore
237 1575 266 1625 et
287 1567 404 1644 proavis
430 1563 572 1624 habitatas
594 1562 726 1641 linquere
752 1564 851 1642 silvas,

24 1652 192 1712 Aedificare
214 1650 333 1726 domos,
358 1648 468 1710 laribus
494 1648 672 1724 coniungere
693 1648 800 1708 uostris

12 1735 147 1795 *Tectum
169 1735 261 1810 aliud,
290 1744 367 1794 tutos
389 1735 485 1793 vicino
512 1732 608 1792 limine
631 1748 748 1792 somnos

12 1819 62 1878 tUt
88 1819 195 1878 collata
218 1819 299 1878 daret
322 1819 442 1894 liducia,
468 1826 625 1895 protegere
650 1817 735 1875 armis
963 1835 1012 1886 155

19 1902 150 1979 Lapsum
176 1909 224 1958 aut
246 1893 354 1975 ingenti
376 1908 521 1958 nutantem
543 1900 663 1958 vulnere
687 1899 790 1974 civem,

21 1991 22 1994 ’
50 1983 178 2042 ommuni
200 1980 269 2040 dare
291 1983 374 2057 signa
397 1981 480 2056 tuba,
510 1981 660 2040 delendier
687 1980 778 2039 isdem

50 2063 168 2124 urrlbus
190 2073 276 2142 atque
298 2079 354 2124 una
377 2073 524 2142 portarum
550 2065 632 2124 clave
660 2064 762 2122 teneri.

46 2149 85 2209 ed
109 2150 165 2207 iam
190 2157 359 2226 serpentum
378 2148 469 2206 maior
492 2148 666 2216 concordior
690 2149 783 2225 parcit

23 2231 168 2309 Cognatis
190 2232 311 2292 maculis
333 2230 433 2291 similis
457 2231 538 2290 lera:
565 2230 678 2310 quando
701 2230 779 2292 leoni
962 2247 1013 2302 160

24 2317 144 2375 Fortior
167 2315 272 2394 eripuit
293 2317 378 2376 uitam
401 2312 472 2374 leol
498 2332 555 2392 quo
579 2332 696 2374 nemore
719 2335 852 2396 umquam
885 2377 888 2384 ,

25 2400 195 2477 Exspiravit
220 2418 292 2478 aper
313 2400 430 2460 maioris
453 2398 585 2459 dentibus
609 2398 692 2476 apri?

26 2483 123 2542 ludica
149 2484 231 2560 tigris
260 2486 319 2561 agit
339 2484 439 2544 rabida
463 2503 525 2544 cum
548 2484 652 2560 tigride
676 2503 778 2562 pacem

29 2567 218 2645 Perpetuam,
245 2563 342 2627 saevis
365 2571 439 2627 inter
462 2586 495 2626 se
519 2569 653 2627 convenit
672 2570 762 2627 ursis:

32 2650 81 2708 Ast
104 2651 212 2710 homini
233 2652 340 2710 ferrum
364 2651 452 2711 letale
475 2653 580 2711 incude
602 2652 724 2711 uelanda
798 2699 804 2714 ,
960 2665 1012 2718 165

32 2733 204 2793 Produxisse
231 2753 329 2813 parum
355 2745 414 2811 est,
441 2753 526 2813 quum
548 2744 641 2796 rastra
664 2744 692 2794 et
718 2735 832 2796 sarcula
855 2745 959 2795 tantum

34 2813 145 2880 assueti
171 2836 300 2897 coquere
325 2828 354 2878 et
373 2821 472 2878 marris
496 2837 671 2880 uouemere
697 2818 766 2877 lassi

35 2897 193 2962 Nescierint
218 2903 300 2980 primi
323 2903 437 2979 gladios
464 2904 623 2963 extendere
644 2901 729 2962 labri.

38 2982 192 3062 Aspicimus
216 2986 358 3064 populos,
384 3005 506 3065 quorum
528 3005 585 3047 non
607 2987 715 3046 sullicit
737 2988 797 3046 irae
867 2994 873 3020 ³

39 3064 180 3130 llccidis'se
203 3070 343 3148 aliquem,
369 3071 421 3131 sed
445 3081 584 3150 pectora,
608 3070 742 3146 brachia,
767 3070 874 3132 vultum
962 3078 1012 3134 170

40 3143 211 3213 &redidcrint
232 3172 325 3231 genus
348 3173 414 3214 esse
440 3156 512 3224 cibi;
537 3156 604 3234 quid
627 3156 739 3215 diceret
765 3172 836 3232 ergo

39 3228 84 3291 Vel
110 3255 165 3314 quo
192 3255 249 3296 nou
271 3237 403 3315 lugeret,
429 3241 453 3298 si
478 3258 553 3298 nunc
574 3239 648 3298 haec
670 3247 797 3298 monstra
823 3239 947 3313 videret,

41 3311 223 3398 Pythagoras,
251 3325 362 3382 cunctis
387 3323 555 3383 animalibus
576 3315 713 3382 abstinuit
734 3323 782 3400 qui

41 3392 181 3480 Tamquam
205 3405 321 3464 homine
349 3416 378 3466 et
406 3409 499 3466 ventri
524 3407 640 3466 indulsit
663 3423 720 3465 non
747 3423 830 3464 omne
854 3405 1013 3482 legumenl
