2480 4006
224 240 262 300 42
553 251 587 296 n.
603 251 673 297 suu.
691 249 877 296 unusunnus

222 388 260 448 Et
280 390 494 466 xerampelinas
515 369 807 449 veteresdouavarit
830 389 896 466 ipsi,

222 471 275 548 Ut,
299 473 436 550 quidquid
458 472 545 534 subiti
567 481 598 532 et
617 473 712 549 magni
734 472 906 532 discriminis
924 473 1022 546 instat,
1163 483 1209 535 tto

222 555 254 614 ln
276 556 386 614 tunicas
410 566 456 617 eat
479 565 509 616 et
529 565 619 616 totum
643 556 734 615 semel
759 557 858 634 explet
880 571 992 614 annum.

222 637 378 698 Hibernnm
398 639 491 700 fracta
511 639 608 716 glacie
631 639 791 699 descendet
811 641 840 698 in
862 655 984 714 amnem,

223 720 281 782 Ter
302 722 439 782 matutino
466 721 564 782 Tiberi
585 731 734 799 mergetur
755 732 785 781 et
806 723 877 800 ipsis

222 803 388 865 verticibus
411 807 539 866 timidum
563 815 650 884 caput
675 805 791 874 abluet;
818 805 885 864 inde
911 803 1037 883 Superbi

223 888 325 948 Totum
346 890 426 965 regis
449 907 549 966 agrum
570 889 644 948 nuda
666 907 701 948 ac
724 887 911 948 tremebunda
934 889 1061 949 cruentis
1165 901 1208 951 tat

223 971 334 1050 Erepet
354 971 492 1048 genibus;
518 974 542 1031 si
567 971 687 1032 candida
709 973 826 1031 iusserit
846 971 889 1046 lo,

223 1055 278 1114 Ibit
300 1053 334 1113 ad
360 1053 488 1133 Aegypti
512 1056 596 1114 linem
620 1055 773 1134 calidaque
795 1057 900 1134 petitas

223 1139 250 1197 A
271 1136 374 1200 Meroe
398 1138 525 1217 portabit
546 1156 652 1218 aquas,
678 1147 709 1198 ut
730 1149 851 1217 spargat
872 1141 900 1196 in
921 1137 1026 1198 aedem

223 1221 324 1298 leidis,
348 1224 464 1300 antiquo
488 1239 563 1300 quae
585 1224 717 1301 proxima
740 1225 832 1300 surgit
853 1222 931 1282 ovili.

225 1303 326 1364 Credit
349 1307 423 1365 enim
448 1307 538 1384 ipsius
561 1307 693 1366 dominae
718 1325 751 1366 se
773 1323 850 1366 uoce
871 1307 997 1364 moneri:
1168 1315 1209 1368 530

224 1388 268 1447 En
291 1389 411 1449 animam
434 1399 462 1450 at
483 1397 623 1466 mentem,
648 1409 711 1450 oum
733 1407 788 1468 qua
812 1390 839 1450 di
862 1397 948 1449 nocte
972 1387 1145 1467 loquantur!

224 1471 303 1548 Ergo
324 1472 372 1532 hic
396 1476 582 1552 praecipuum
605 1492 799 1553 summumque
820 1481 948 1533 meretur
968 1471 1122 1549 honorem,

225 1555 279 1630 Qui
302 1574 396 1634 grege
419 1557 542 1636 linigero
566 1559 756 1618 circumdatus
774 1566 804 1618 et
826 1573 920 1634 grege
942 1554 1027 1615 calvo

224 1639 390 1716 Plangentis
413 1641 514 1720 populi
538 1643 627 1701 currit
648 1642 763 1701 derisor
784 1640 904 1719 Anubis.

224 1721 278 1781 llle
302 1725 375 1801 petit
395 1726 525 1800 veniam,
550 1727 664 1802 quoties
685 1741 742 1784 non
766 1724 891 1784 abstinet
912 1741 987 1783 uxor
1166 1731 1209 1784 535

226 1803 388 1866 Concubitu
409 1808 502 1867 saeris
525 1807 774 1887 observandisque
799 1807 912 1882 diebus,

227 1884 387 1969 Magnaque
411 1891 533 1952 debetur
553 1892 663 1952 violato
687 1909 782 1970 poena
806 1891 943 1965 cadurco,

225 1972 262 2032 Et
284 1977 411 2034 movisse
436 1985 523 2054 caput
545 1977 607 2036 visa
631 1985 677 2036 est
697 1984 836 2054 argentea
859 1991 995 2053 serpens;

226 2056 304 2116 lllius
330 2058 464 2118 lacrimae
487 2060 680 2138 meditataque
703 2077 845 2119 murmura
862 2065 1021 2136 praestant,

225 2139 262 2200 Ut
284 2141 397 2201 veniam
421 2143 525 2220 culpae
547 2160 604 2202 non
629 2143 748 2218 abnuat,
777 2161 881 2202 ansere
904 2156 1009 2218 magno
1167 2149 1208 2202 til

226 2223 347 2284 Scilicet
369 2234 398 2283 et
418 2227 496 2284 tenui
519 2243 634 2304 popano
657 2237 827 2304 corruptus,
853 2223 955 2285 Osiris.

227 2307 320 2381 Quum
342 2307 420 2367 dedit
443 2307 493 2368 ille
516 2309 627 2369 locum:
656 2309 780 2388 cophino
805 2309 953 2388 laeuoque
976 2308 1093 2384 relicto,

227 2391 369 2450 Arcanum
391 2389 497 2451 ludaea
518 2399 645 2453 tremens
667 2393 812 2453 mendicat
832 2395 861 2452 in
882 2411 991 2468 aurem,

226 2475 374 2552 interpres
396 2474 494 2552 legum
517 2475 698 2551 Solymarum
724 2485 752 2536 et
774 2493 877 2554 magna
896 2475 1036 2536 sacerdos

227 2557 350 2618 Arboris
372 2575 408 2618 ac
431 2560 532 2618 summi
555 2560 611 2620 iida
636 2562 808 2620 internuntia
832 2558 919 2620 coeli.
1167 2565 1206 2619 545

227 2640 332 2720 Implet
354 2650 383 2700 et
404 2641 455 2703 illa
477 2660 606 2720 manum,
628 2645 681 2705 sed
704 2647 834 2724 parcius;
858 2645 1047 2704 aeremiuuto

228 2723 454 2804 Qualiscumque
475 2727 559 2787 voles
582 2727 680 2790 ludaei
701 2729 810 2788 somnia
833 2726 969 2787 vendunt.

227 2807 358 2887 Spondet
383 2819 538 2871 amatorem
562 2821 693 2872 tenerum
714 2813 762 2873 vel
786 2812 882 2872 divitis
904 2810 968 2871 orbi

227 2890 443 2954 Testamentum
463 2897 582 2974 ingens,
607 2896 718 2957 calidae
744 2895 880 2975 pulmone
903 2891 1055 2955 columbae

227 2975 379 3052 Tractato,
403 2978 556 3040 Armenius
577 2981 625 3040 vel
650 2978 860 3057 Commagenus
885 2979 1048 3058 haruspex;
1166 2987 1205 3040 55⁰

226 3059 351 3120 Pectora
374 3061 518 3140 pullorum
539 3063 701 3138 rimabitur,
725 3072 792 3123 exta
813 3062 922 3138 catelli,

226 3141 373 3204 Interdum
395 3155 425 3206 et
448 3148 544 3225 pueri;
569 3147 672 3221 faciet,
700 3146 778 3224 quod
800 3146 915 3206 deierat
939 3149 1013 3225 ipse.

228 3223 383 3288 Chaldaeis
405 3230 460 3289 sed
481 3230 572 3289 maior
594 3231 648 3288 erit
671 3228 789 3289 liducia:
814 3229 951 3308 quidquid

228 3309 342 3378 Dixerit
364 3313 547 3389 astrologus,
574 3311 694 3372 credent
716 3331 732 3372 a
755 3313 836 3372 iente
857 3313 979 3373 relatum

228 3392 407 3470 Hammonis,
432 3395 565 3473 quoniam
588 3395 710 3474 Delphis
734 3397 852 3457 oracula
874 3405 991 3470 cessant
1166 3400 1201 3454 stt

228 3473 265 3536 Et
286 3495 379 3552 genus
401 3477 551 3539 humanum
573 3479 687 3541 damnat
709 3480 805 3558 caligo
829 3480 925 3540 lutari.
