2480 4006
442 293 566 340 subnot
591 293 637 341 lv.

28 433 162 492 Privatis
189 433 298 491 maiora
323 430 413 500 ioois;
437 432 560 508 genialis
587 441 689 508 agatur

28 517 93 575 iste
117 515 198 586 dies3
221 531 348 594 propera
372 516 550 576 stomachum
573 514 673 575 laxare
694 515 823 593 saginae,

29 599 68 658 Et
95 607 149 658 tua
170 607 316 659 servatum
342 614 480 658 consume
499 601 527 657 in
551 599 651 659 seouia
674 599 838 672 rhombum;

28 683 104 760 lpse
130 683 196 760 oapi
218 681 318 741 voluit.
330 715 371 726 -—
385 681 460 755 Quid
472 680 620 759 apertius?
640 691 777 744 ettamen
800 683 842 744 illi

29 765 205 842 Surgebant
226 766 349 833 oristae;
373 765 442 825 nihil
464 775 509 824 est
531 767 608 843 quod
631 767 754 826 eredere
778 768 814 826 de
838 785 870 827 se
997 774 1030 828 70

29 849 101 908 Non
122 851 235 928 possit,
262 866 347 927 quum
369 849 510 922 laudatur,
533 851 577 911 dis
590 867 684 928 aequa
706 859 847 928 potestas.

30 934 95 994 Sed
123 933 227 992 deerat
248 933 321 1012 pisci
344 934 459 1016 patinae
481 951 623 992 mensura·
668 934 817 994 Vocantur

30 1017 118 1092 Ergo
142 1019 170 1075 in
193 1017 345 1076 eonsilium
367 1033 524 1094 proceres,
549 1033 623 1095 quos
645 1019 747 1078 oderat
771 1017 836 1086 ille:

30 1102 66 1161 In
93 1118 218 1177 quorum
240 1100 315 1160 iacie
337 1101 460 1160 miserae
481 1118 661 1180 magnaeque
675 1101 804 1175 sedebat

32 1184 139 1244 Pallor
162 1183 313 1244 amicitiae.
359 1183 491 1259 Primus„
509 1184 652 1244 clamante
675 1184 816 1245 Liburno:
996 1191 1029 1246 ⁷5

34 1266 172 1342 Currite,
197 1269 252 1327 iarn
274 1267 362 1326 sedit!
388 1277 470 1345 rapta
494 1268 671 1346 properabat
692 1269 790 1329 aboiia

35 1352 191 1427 Pegasus,
215 1352 353 1412 attonitae
376 1353 490 1429 positus
511 1351 598 1411 modo
632 1352 736 1412 viiious
761 1352 823 1412 urbi
840 1386 881 1398 -

35 1435 125 1493 Anne
148 1434 226 1494 aliud
249 1445 317 1494 tuno
339 1431 501 1513 praefecti?
528 1451 649 1512 quorum
672 1437 795 1514 optimus
819 1445 905 1512 atque

35 1517 191 1596 Interpres
214 1519 313 1596 legum
336 1519 533 1578 sanctissimus
559 1519 652 1578 omnia
675 1536 845 1597 quamquam

36 1601 235 1680 Temporibus
258 1603 327 1662 diris
350 1601 499 1661 tractanda
524 1601 642 1679 putabat
663 1603 764 1661 inermi
999 1611 1033 1664 80

34 1685 163 1745 lustitia.
208 1684 295 1745 Venit
319 1693 348 1744 et
372 1681 467 1763 Grispi
491 1685 612 1746 ineunda
636 1695 782 1762 senectus,

38 1767 132 1828 Cuius
159 1779 240 1829 orant
261 1786 376 1845 mores,
401 1769 494 1848 qualis
516 1769 666 1845 facundia,
689 1771 757 1830 mite

37 1853 205 1929 ingenium
227 1855 315 1914 maria
340 1871 375 1913 ao
398 1863 492 1913 terras
518 1854 703 1931 populosque
727 1855 841 1931 regenti

38 1937 115 2010 Quis
143 1952 241 1995 eomes
263 1937 376 2011 utilior,
399 1939 423 1995 si
446 1936 529 1996 olade
553 1946 582 1995 et
605 1945 690 2014 peste
717 1936 770 1994 sub
790 1935 840 1994 illa

37 2019 202 2080 Saevitiam
224 2018 358 2077 damnare
386 2028 415 2077 et
437 2019 589 2078 honestum
611 2019 717 2078 afferre
740 2019 843 2078 liceret
999 2027 1033 2082 85

40 2097 225 2161 Consilium?
250 2101 302 2160 sed
326 2101 393 2178 quid
414 2101 570 2160 violentius
594 2119 663 2160 aure
686 2103 808 2177 tyranni,

42 2184 117 2244 Cum
140 2201 197 2262 quo
220 2184 256 2244 de
278 2182 383 2262 piuviis
406 2193 454 2244 aut
476 2183 603 2244 aestibus
626 2193 673 2244 aut
696 2185 827 2245 nimboso

41 2270 123 2328 Vere
147 2267 271 2328 loeuturi
292 2268 381 2328 iatum
403 2267 548 2346 pendebat
569 2265 672 2327 amini?

44 2353 100 2413 itte
120 2353 207 2428 igitur
229 2370 381 2431 numquam
407 2351 513 2411 direxit
534 2351 651 2412 brachia
674 2361 775 2412 eontra

45 2436 230 2512 Torrentem,
257 2454 312 2495 neo
335 2436 405 2495 nivis
429 2445 509 2510 erat,
534 2437 582 2515 qui
606 2435 698 2496 libera
721 2444 824 2514 posset
999 2444 1034 2498 90

46 2519 143 2580 Verba
165 2521 249 2580 animi
272 2518 408 2598 proferre
431 2529 461 2579 et
482 2521 568 2580 vitam
591 2519 758 2598 impendere
781 2537 863 2579 vero.

48 2604 97 2662 Sin
118 2603 219 2664 multas
242 2603 353 2664 hiemes
376 2612 463 2680 atque
488 2605 669 2680 octogesima
690 2604 761 2664 vidit

50 2685 193 2762 Solstitia,
216 2686 260 2746 his
284 2688 369 2745 armis
392 2686 442 2746 illa
464 2687 581 2765 quoque
607 2696 683 2746 tutus
706 2687 734 2746 in
756 2686 830 2747 aula.

50 2769 194 2829 Proximus
217 2770 346 2829 eiusdem
369 2770 547 2848 properabat
569 2770 680 2831 Atilius
704 2771 769 2831 aevi

53 2851 120 2910 Cum
138 2854 241 2913 iurene
264 2853 399 2931 indigno,
423 2871 507 2931 quem
529 2871 607 2913 mors
629 2863 686 2914 tam
709 2871 797 2914 saeva
818 2861 948 2913 maneret
1001 2859 1034 2914 95

53 2935 89 2994 m
111 2935 210 2996 domini
233 2937 338 3014 gladiis
361 2946 417 2996 tam
441 2937 591 3005 iestinata;
615 2937 666 2997 sed
691 2937 759 2996 olim

53 3019 182 3099 Propigio
202 3039 256 3099 par
280 3030 325 3080 est
346 3022 374 3078 in
397 3021 548 3082 nobilitate
572 3029 723 3081 senectus:

53 3103 130 3164 Unde
151 3104 196 3179 iit,
220 3112 251 3162 ut
273 3104 368 3164 malim
390 3105 564 3166 fraterculus
589 3123 655 3164 esse
679 3103 822 3183 Gigantis!

53 3186 157 3247 Proiuit
179 3204 252 3265 ergo
275 3188 344 3249 nibil
367 3191 489 3263 misero,
514 3188 592 3267 quod
618 3189 746 3248 cominus
768 3204 853 3248 ursos

55 3269 168 3348 Figebat
191 3270 327 3332 Numidas
350 3271 463 3333 Albana
486 3272 578 3332 nudus
600 3290 686 3332 arena

55 3354 192 3423 Venator;
217 3357 281 3434 quis
305 3357 380 3415 enim
402 3357 457 3415 iam
480 3373 537 3418 non
557 3357 710 3433 intellegat
724 3365 802 3415 artes

57 3435 207 3498 Petrioias'i
232 3441 295 3516 quis
318 3441 446 3518 priscum
468 3438 538 3499 iilud
560 3440 677 3498 miratur
700 3457 830 3513 acumen,

57 3521 155 3597 Brute,
179 3519 278 3581 tuum?
303 3522 390 3582 iaoiie
412 3531 457 3582 est
477 3522 599 3582 barbato
622 3524 771 3600 imponere
792 3521 865 3596 regi.
