2480 4006
386 324 511 372 snmus
530 325 577 372 V1.

20 470 111 544 Atque
132 464 233 524 eadem
260 464 358 524 sorola
380 462 476 522 Niobe
499 464 652 524 ieoundior
674 463 749 523 alba.

20 551 97 622 Quae
121 549 357 624 tantimodum,
380 565 455 625 quae
478 547 586 620 forma,
612 556 641 607 ut
663 565 696 606 se
718 546 770 606 tibi
793 565 910 626 semper

20 629 157 710 imputet?
180 631 263 691 huius
286 633 360 690 enim
382 633 440 690 rari
461 633 620 708 summique
642 631 778 708 voluptas
1002 633 1005 639 '

20 717 98 776 Nulla
124 715 209 790 boni,
236 717 352 792 quoties
375 717 469 774 animo
495 725 632 793 corrupta
653 713 782 793 superbo
950 725 1001 778 180

20 801 80 858 Plus
111 801 194 862 aloes
228 817 312 877 quam
333 799 428 858 mellis
450 798 548 858 habet.
589 797 661 872 Quis
683 797 797 859 deditus
820 808 916 859 autem

20 884 112 962 Usque
135 882 210 944 adeo
235 891 297 955 est,
323 892 354 943 ut
376 900 433 942 non
455 883 550 958 illam,
576 900 660 961 quam
682 881 816 942 laudibus
840 883 935 959 effert,
990 942 993 947 .

20 968 136 1027 llorreat
157 967 244 1045 inque
267 966 341 1026 diem
364 968 494 1044 septenis
516 967 611 1026 oderit
634 964 738 1026 horis?

20 1051 162 1124 Quaedam
183 1068 273 1129 parva
293 1050 427 1129 quidem,
450 1050 503 1111 sed
524 1068 583 1110 non
601 1051 754 1111 toleranda
775 1051 893 1111 maritis.

20 1135 82 1194 Nam
106 1133 175 1214 quid
197 1135 359 1208 remidius,
382 1153 465 1212 quam
487 1135 564 1212 quod
588 1153 622 1194 se
642 1151 700 1194 non
722 1144 802 1212 putat
824 1134 883 1194 ulla
949 1143 999 1198 185

20 1219 197 1292 dumosam,
222 1219 277 1278 nisi
303 1236 378 1296 quae
401 1218 436 1277 de
460 1217 554 1277 Tusoa
577 1217 722 1278 Graecula
743 1219 820 1279 lauta
843 1228 899 1294 est,

20 1303 56 1362 lle
78 1303 263 1364 Sulmonensi
284 1320 363 1362 mere
386 1300 548 1379 Cecropis?
571 1304 666 1362 omnia
688 1319 809 1379 graece,

20 1386 104 1459 Quum
126 1388 165 1446 sit
185 1394 270 1465 turpe
291 1388 383 1463 magis
406 1387 513 1446 nostris
533 1387 648 1445 nescire
671 1385 768 1446 latine.

20 1472 74 1531 lloo
96 1485 234 1531 sermone
258 1479 381 1546 pavent,
405 1469 462 1529 hoo
484 1471 571 1543 inam,
593 1468 714 1546 gandia,
739 1487 834 1542 ouras,

20 1555 74 1615 lloo
95 1562 200 1615 ounota
222 1553 369 1612 effundunt
391 1555 474 1612 animi
496 1561 627 1612 seoreta:
651 1552 719 1630 quid
740 1549 836 1612 ultra?
950 1561 1000 1614 190

20 1637 214 1700 Uonoumbunt
235 1654 355 1714 graece.
388 1634 488 1695 Dones
509 1645 606 1695 tamen
626 1637 681 1696 ista
702 1635 824 1712 puellis:

20 1722 90 1782 lune
113 1723 216 1795 etiam,
240 1738 325 1799 quam
347 1729 448 1779 sextus
470 1729 499 1779 et
522 1720 720 1797 octogesimus
744 1737 834 1779 annus

20 1805 123 1880 Pulsat‚
148 1805 242 1866 adhue
264 1801 394 1881 graece?
416 1821 473 1863 non
496 1813 542 1862 est
563 1803 611 1863 hio
634 1821 728 1862 sermo
751 1803 874 1880 pudieus

20 1888 42 1946 ln
64 1889 176 1949 vetula.
216 1886 339 1960 Quoties
364 1887 503 1948 lasoivum
526 1888 682 1962 intervenit
703 1885 774 1945 illud

20 1966 78 2050 Ζωὴ
101 1970 155 2032 καὶ
179 1964 276 2047 ψυχή,
298 1971 385 2030 modo
408 1969 461 2029 sub
484 1969 582 2029 lodioe
604 1969 715 2028 relictis
949 1979 1024 2036 195·

20 2055 107 2115 literis
131 2056 161 2112 in
180 2053 278 2118 turba:
303 2054 381 2131 quod
403 2055 477 2112 enim
501 2069 559 2112 nou
582 2053 692 2111 excitet
713 2053 820 2128 inguen

20 2138 75 2198 Vox
97 2137 209 2197 blanda
232 2145 261 2196 et
282 2135 426 2215 nequam?
449 2137 556 2213 digitos
578 2135 681 2204 habet;
704 2144 734 2194 ut
753 2145 848 2196 tamen
867 2153 966 2197 omnes

20 2223 169 2282 Subsident
199 2221 318 2298 pinnae,
341 2221 422 2281 dieas
442 2220 517 2281 haee
538 2219 654 2280 mollius
673 2218 783 2280 llaemo

20 2305 191 2384 Quamquam
214 2312 244 2363 et
265 2302 475 2382 Carpophoro,
501 2304 594 2365 laoies
616 2313 664 2364 tua
686 2312 833 2380 computat
855 2323 956 2366 annos.

54 2391 84 2449 Si
110 2388 164 2448 tihi
187 2387 323 2464 legitimis
344 2398 457 2466 pactam
480 2390 662 2467 iunctamque
684 2386 801 2449 tabellis
949 2401 1001 2453 200

20 2471 76 2532 Non
98 2491 132 2532 es
158 2480 317 2548 amaturus,
341 2473 465 2533 duoendi
487 2474 565 2534 nulla
588 2471 718 2534 videtum

20 2553 126 2630 Causa,
153 2574 209 2615 neo
232 2565 278 2615 ost
317 2574 408 2634 quaro
432 2575 553 2618 coenam
577 2566 606 2617 et
626 2565 775 2616 mustaoea
798 2558 905 2634 perdas

20 2637 139 2700 labente
163 2639 261 2698 oiiioio
285 2640 381 2699 crudis
407 2641 555 2715 donanda,
578 2659 634 2700 neo
648 2639 738 2714 illud,

20 2721 97 2794 Duod
121 2725 212 2802 prima
234 2739 288 2800 pro
311 2733 397 2782 noote
422 2724 519 2797 datur,
543 2742 628 2802 quum
651 2724 735 2783 lanoe
758 2721 844 2782 beata

20 2803 138 2866 llaoious
159 2815 189 2866 et
210 2807 321 2883 soripto
341 2807 433 2866 radiat
454 2807 641 2868 Germanicus
662 2821 744 2866 auro.
948 2817 1000 2869 205

20 2891 44 2947 Si
67 2890 118 2950 tibi
141 2889 311 2967 simplicitas
332 2893 451 2965 uxoria,
474 2891 586 2950 deditus
608 2891 656 2950 uni

20 2971 65 3032 llst
87 2975 214 3048 animus,
237 2975 379 3033 summitte
402 2984 488 3052 eaput
511 2976 627 3034 cervice
651 2982 751 3052 parata

20 3054 103 3117 Ferre
125 3059 239 3134 iugum;
262 3057 369 3117 nnllam
391 3058 537 3132 invenies,
561 3076 635 3136 quae
657 3065 757 3135 pareat
782 3059 894 3120 amanti.

20 3140 124 3200 dideat
145 3142 210 3218 ipsa
230 3139 315 3215 lieet,
342 3143 491 3201 tormentis
513 3143 621 3219 gaudet
643 3141 762 3202 amantis

20 3221 50 3280 Et
71 3224 191 3302 spoliis;
215 3225 303 3301 igitur
326 3223 414 3300 longe
438 3227 530 3285 minus
551 3225 629 3285 utilis
651 3225 694 3285 illi
947 3235 999 3288 sto

20 3303 111 3382 Uxor,
137 3309 267 3387 quisquis
292 3308 346 3366 erit
368 3307 461 3367 bonus
485 3309 686 3387 optandusque
709 3311 837 3370 manitus.

20 3387 60 3450 Nil
81 3409 214 3469 nmquam
237 3393 323 3451 invita
347 3390 467 3451 donabis
494 3395 634 3469 coniuge,
658 3393 770 3452 vendes

20 3471 230 3535 llao‘obstante
251 3475 338 3550 nihil,
362 3475 447 3551 nihil,
472 3477 547 3536 haee
568 3478 592 3535 si
612 3475 709 3548 nolet,
733 3485 858 3540 emetur;

20 3553 93 3616 liaeo
113 3557 192 3618 dabit
215 3559 351 3633 allectus,
374 3559 427 3618 ille
451 3560 622 3619 excludatur
644 3559 752 3616 amious
812 3637 830 3689 ἦ

55 3661 109 3700 IUV·
131 3663 191 3701 SAT.
215 3680 222 3692 ι
812 3673 819 3691 ·
