2480 4006
218 264 279 311 XIV
602 259 808 308 PRAEFATIO·
1222 137 1229 394 ἱ

218 407 448 480 interpellationibus
457 416 580 478 tamquam
590 403 677 478 tragici
689 403 756 458 chori
771 405 870 460 canticis
880 401 1017 472 distinguit.
1031 399 1138 455 Summa
1148 400 1192 472 igi-
1229 420 1230 482 p

218 501 258 550 tur
268 493 404 564 ugttmmti
420 492 488 564 quasi
502 491 605 563 prologo
622 489 751 561 praemissa
762 489 797 555 (1.
811 495 871 546 1-
883 489 930 556 11)
940 485 1046 556 primum
1056 487 1131 554 ipsam
1140 499 1192 538 coe-
1229 521 1230 560 p

218 591 263 633 111
272 576 394 632 raritatem
411 591 468 631 curn
483 574 675 648 quotidianorum
693 571 827 628 ciliciorum
846 569 963 627 molestiis
981 573 1104 637 comparat
1115 565 1149 632 (1.
1161 573 1192 626 11
1230 576 1231 590 ’

221 662 328 730 -13),
343 665 395 714 tum
412 667 491 715 autem
502 673 533 713 er
549 659 612 714 itlius
628 657 713 712 aetatis
729 671 809 723 more,
827 671 888 729 quae
897 654 947 710 1111
956 659 1042 723 potum
1052 650 1120 706 cibos
1130 657 1193 706 ante·

219 744 305 800 cedere
314 743 392 798 voluit
407 743 481 811 (Plin.
493 741 523 798 N.
535 741 664 798 ilistlllV.
676 743 739 808 18),
757 756 770 795 1
787 741 848 796 ainis
861 739 929 794 initio
940 737 1041 792 iactoiu
1051 735 1136 789 borum
1148 735 1194 804 pri-
1231 732 1232 758 ³

219 843 287 884 mum
298 827 428 899 generibus
440 828 476 893 (1.
488 827 625 894 14-37)
636 825 826 896 poculommquc
836 840 883 879 usn
894 822 930 890 (1.
942 825 977 880 18
987 847 1023 858 -
1032 821 1092 888 48),
1104 833 1162 873 mox
1171 819 1194 872 in

219 926 280 984 aqua
290 925 386 982 quoque
397 910 433 978 (1.
445 914 480 968 49
488 939 528 949 —
536 911 583 977 51)
595 915 620 962 ct
631 909 750 978 pincernis
760 907 795 975 (1.
803 907 925 975 53-86)
937 903 1125 978 ignominiosum
1138 901 1196 958 illud

219 995 347 1051 discrimen
357 1000 434 1063 notat,
446 993 510 1065 quod
520 993 645 1049 domiuum
657 1007 746 1049 111111
756 1007 770 1047 a
779 1006 884 1062 paupere
896 990 994 1046 conviva
1005 992 1111 1058 separet;
1122 986 1196 1042 idem-

219 1092 267 1150 que
277 1077 391 1147 domoeps
401 1078 425 1133 in
436 1092 497 1148 pano
514 1079 548 1146 (1.
560 1079 594 1136 67
606 1107 640 1116 -
651 1079 714 1146 79),
729 1077 874 1146 promulside
885 1075 921 1143 (1.
933 1072 1080 1141 80-91).
1092 1069 1197 1140 quobus

220 1164 256 1230 (1.
268 1164 302 1218 91
312 1188 348 1199 -
358 1165 422 1232 106)
434 1161 590 1232 persequitur,
602 1160 680 1216 donec
690 1160 719 1216 ad
731 1167 803 1230 caput
813 1175 914 1226 111111,
927 1172 1011 1229 aprum
1022 1163 1047 1212 et
1059 1154 1141 1218 altiles,
1157 1155 1197 1209 do·
1233 1175 1234 1180 ¹

220 1247 283 1303 latus
298 1245 411 1300 clientem
423 1245 476 1301 solo
491 1245 617 1301 structoris
633 1251 731 1315 aspectu
748 1246 813 1315 pasci
829 1243 950 1316 significat
966 1239 1198 1311 (1.107-114);

219 1329 322 1400 denique
339 1343 370 1384 ne
385 1329 410 1384 in
427 1329 574 1400 propinando
587 1327 683 1400 quidem
694 1328 791 1384 diuitem
802 1335 826 1384 et
837 1342 966 1400 pauperem
977 1327 1080 1382 amicum
1090 1325 1199 1380 similiter

219 1411 303 1468 baberi
319 1418 418 1484 quostm
435 1413 477 1481 (1.
498 1413 869 1482 111-141)111111611111
885 1426 1023 1468 mensarum
1038 1409 1157 1478 bellariis,
1174 1406 1198 1460 iu
1235 1445 1236 1458 .

220 1495 307 1568 quibus
317 1496 401 1552 eadem
414 1496 526 1569 iniqnitas
536 1503 634 1568 apparet
648 1495 683 1564 (1.
694 1499 743 1555 146
752 1524 788 1536 -
799 1499 872 1567 155),
883 1497 913 1552 ad
924 1496 999 1566 ipsius
1013 1494 1106 1550 clentis
1117 1501 1199 1566 stupo-

220 1595 272 1636 rem
286 1580 360 1648 redit,
377 1583 418 1652 qui
428 1581 507 1638 divibs
522 1581 616 1652 patroni
631 1581 746 1637 malitiam
763 1581 895 1652 cupiditate
909 1596 953 1636 sua
971 1579 1038 1636 abuti
1048 1578 1176 1649 patiatur(
1192 1617 1197 1630 .

221 1669 272 1722 166
282 1692 318 1702 -
328 1666 402 1734 173).

304 1744 402 1804 Scolon
412 1762 508 1820 quoque
517 1748 622 1816 satiram
634 1764 694 1820 quae
705 1749 832 1804 mulicnrm
843 1749 958 1819 pravitate
972 1747 1110 1805 insectanda
1121 1754 1199 1803 totum

220 1831 348 1888 eemndmn
364 1831 452 1887 librum
463 1831 560 1902 inplet,
578 1847 627 1886 uon
642 1832 740 1888 fortuita
752 1833 851 1905 triginta
866 1833 968 1904 amplius
977 1835 1091 1890 vitiomm
1102 1847 1200 1886 enume·
1237 1821 1239 1908 l

221 1916 324 1980 ratione,
343 1916 386 1972 sed
402 1917 519 1972 concinna
534 1922 559 1971 et
571 1915 703 1972 artificiosa
713 1918 817 1988 portium
828 1917 984 1988 dispositione
1002 1916 1118 1974 contineri
1129 1916 1200 1971 docte
1238 1909 1239 1950 t

221 1999 410 2073 lldgclsbacbius
427 2001 444 2056 l.
461 2016 483 2058 c.
503 2016 527 2070 p.
539 2003 590 2058 471
606 2016 657 2072 sqq.
674 2002 768 2058 monuit
781 2002 1016 2075 insignissimamquc
1032 2002 1117 2057 hanrm
1135 2001 1202 2055 uelut

222 2084 405 2139 commissuram
423 2100 446 2140 1.
458 2087 510 2142 186
525 2085 558 2138 ita
575 2084 720 2157 designarit,
739 2093 767 2142 ut
785 2087 814 2142 ad
831 2088 899 2142 illum
915 2102 992 2156 usquc
1008 2087 1090 2141 locum
1101 2085 1202 2140 feminas

221 2181 343 2238 tamquam
355 2166 459 2232 maritas
467 2167 588 2238 posterius
598 2169 695 2226 maritas
705 2177 827 2242 nmquam
838 2171 938 2226 feminas
949 2168 1085 2224 adumbrari
1095 2168 1201 2233 diceret;

221 2264 327 2321 quocum
338 2249 369 2306 de
383 2264 477 2307 summa
492 2252 527 2306 rei
537 2254 697 2310 ,consentiens
714 2255 809 2328 singula
825 2261 918 2310 tantum
931 2252 1101 2324 quadripertita
1113 2252 1202 2308 descri-

222 2334 305 2404 ptione
322 2333 474 2390 commodius
492 2337 596 2407 perspici
613 2337 723 2394 arbitror.
752 2340 825 2394 Poeta
841 2337 904 2392 enim
921 2335 1042 2392 Ursidium
1058 2336 1202 2393 Postumum

215 2417 400 2472 matrimonium
411 2418 525 2475 initurum
535 2421 647 2491 pudicam
659 2438 755 2478 uxorem
772 2435 868 2492 sperare
879 2421 968 2475 mirans
980 2422 1015 2487 (1.
1028 2427 1087 2479 1-
1097 2421 1145 2488 59)
1157 2424 1204 2478 hac

222 2502 273 2572 ipsa
291 2516 318 2556 re
328 2501 433 2571 primum
444 2503 474 2559 ad
489 2505 663 2576 impudicitiam
679 2506 750 2561 buius
764 2520 836 2560 sexus
847 2505 954 2560 defertur
964 2519 1065 2576 eamque
1075 2509 1205 2575 spectacu-

222 2586 301 2640 lorum
321 2587 425 2642 maximc
441 2588 565 2645 lenociniis
578 2591 609 2646 ali
625 2598 722 2662 questus
734 2590 768 2655 (1.
781 2593 816 2648 60
829 2591 1078 2659 -81)11111111111
1090 2601 1206 2662 quumm-

222 2683 270 2742 que
280 2669 396 2726 domuum
407 2680 528 2729 matronas
543 2673 721 2746 indignissimas
736 2672 846 2727 libidines
862 2675 948 2729 sectari
965 2672 1055 2744 lippiae
1064 2673 1207 2731 Veientouis

222 2753 259 2820 (1.
277 2757 432 2828 81-113)
456 2758 578 2828 ipsiusque
595 2757 734 2812 Messalinae
752 2755 845 2812 Claudii
864 2757 973 2814 Caesaris
991 2757 1073 2812 uxoris
1090 2759 1207 2828 exemplo

222 2838 295 2894 docet
306 2838 341 2906 (1.
355 2844 452 2898 114-
463 2844 542 2911 131);
560 2855 591 2895 11
599 2846 680 2894 tamen
691 2841 714 2894 in
730 2839 768 2894 iris
781 2842 946 2912 acqrrioscant‚
958 2841 1000 2896 sed
1011 2841 1049 2895 vel
1060 2840 1122 2895 ultra
1133 2848 1207 2897 natu-

223 2938 263 2978 rae
274 2923 401 2994 imperium
413 2924 558 2996 quibuslibet
569 2923 739 2993 cupiditatibus
749 2932 820 2996 atque
831 2924 926 2994 ineptiis
936 2924 1091 2995 indulgeant,
1105 2927 1208 2981 marito·

223 3022 276 3060 rum
294 3009 364 3078 culpa
379 3008 430 3063 deri
441 3008 533 3079 arguit,
552 3006 592 3078 qui
603 3007 661 3062 solis
672 3014 713 3062 aut
723 3008 787 3063 dotis
798 3014 840 3062 aut
851 3009 941 3062 formae
952 3007 1070 3062 illecebris
1087 3007 1154 3060 ducti
1168 3009 1182 3074 (
1201 3049 1209 3064 .

224 3093 275 3148 133
285 3093 394 3160 -148)
406 3090 561 3146 muliebribus
572 3090 662 3145 artibus
673 3091 848 3161 1111111111,
864 3090 998 3161 horumque
1008 3089 1098 3144 levitati
1108 3089 1210 3148 illarum

224 3175 345 3228 avaritiam
362 3171 400 3249 (1.
414 3177 510 3230 149-
521 3176 600 3243 160),
619 3174 706 3230 fastum
725 3176 762 3241 (1.
780 3179 830 3233 161
841 3203 876 3213 -
887 3177 965 3244 183),
983 3173 1080 3238 delicias
1096 3174 1135 3240 (1.
1155 3179 1210 3233 184

226 3285 263 3294 -
275 3259 353 3325 199),
371 3257 568 3327 imperiositatem
586 3258 624 3324 (1.
642 3265 695 3318 100
707 3262 827 3329 -113),
850 3258 940 3331 litigia,
959 3258 1067 3323 fraudes,
1088 3259 1210 3314 adulteria

223 3341 316 3410 aliaque
335 3341 422 3409 probra
438 3341 471 3396 ita
482 3343 595 3413 opponit,
612 3350 640 3398 ut
656 3344 757 3400 inomni
769 3358 859 3416 genere
873 3343 976 3399 leminea
990 3343 1028 3398 vel
1040 3343 1209 3399 calliditasvel

223 3422 370 3492 impudentia
381 3426 489 3497 superior
499 3434 611 3498 appareat
623 3429 660 3494 (1.
668 3431 720 3486 114
728 3457 764 3467 -
773 3431 839 3500 186)
847 3448 854 3493 ;
861 3427 980 3501 originem
991 3434 1072 3482 autem
1082 3434 1211 3482 tantorum

223 3507 372 3578 flagitiontm
384 3511 404 3566 si
417 3511 470 3584 quis
485 3514 603 3585 requirat,
622 3515 756 3570 universam
768 3521 903 3586 temporum
921 3513 1081 3583 corruptelam
1096 3519 1121 3566 et
1135 3510 1211 3566 luxu·

220 3591 283 3647 1111
300 3603 417 3663 accusat,
435 3600 475 3654 cui
491 3599 603 3655 resistere
617 3599 742 3656 muliebris
759 3598 941 3670 intemperantia
957 3613 1006 3652 nou
1017 3597 1093 3668 possit
1105 3595 1142 3664 (1.
1156 3597 1211 3653 186
