<?xml version="1.0" encoding="UTF-8"?>
<!DOCTYPE html PUBLIC "-//W3C//DTD XHTML 1.0 Transitional//EN"
    "http://www.w3.org/TR/xhtml1/DTD/xhtml1-transitional.dtd">
<html xmlns="http://www.w3.org/1999/xhtml" xml:lang="en" lang="en">
 <head>
  <title>
</title>
<meta http-equiv="Content-Type" content="text/html;charset=utf-8" />
  <meta name='ocr-system' content='tesseract 3.04.00' />
  <meta name='ocr-capabilities' content='ocr_page ocr_carea ocr_par ocr_line ocrx_word'/>
</head>
<body>
  <div class='ocr_page' id='page_1' title='image "./satirarumlibriq04juvegoog_0136.png"; bbox 0 0 2460 4004; ppageno 0'>
   <div class='ocr_carea' id='block_1_1' title="bbox 377 289 582 338">
    <p class='ocr_par' dir='ltr' id='par_1_1' title="bbox 377 289 582 338">
     <span class='ocr_line' id='line_1_1' title="bbox 377 289 582 338; baseline 0 0"><span class='ocrx_word' id='word_1_1' title='bbox 377 289 503 338; x_wconf 77' lang='lat' dir='ltr'><strong>SATIRA</strong></span> <span class='ocrx_word' id='word_1_2' title='bbox 525 292 582 338; x_wconf 85' lang='lat' dir='ltr'><strong>XV.</strong></span> 
     </span>
    </p>
   </div>
   <div class='ocr_carea' id='block_1_2' title="bbox 2 427 1094 3522">
    <p class='ocr_par' dir='ltr' id='par_1_2' title="bbox 40 427 1031 1262">
     <span class='ocr_line' id='line_1_2' title="bbox 45 427 853 508; baseline -0.002 -16"><span class='ocrx_word' id='word_1_3' title='bbox 45 433 76 492; x_wconf 86' lang='lat' dir='ltr'><strong>Si</strong></span> <span class='ocrx_word' id='word_1_4' title='bbox 101 432 200 489; x_wconf 80' lang='lat' dir='ltr'><strong>vivunt</strong></span> <span class='ocrx_word' id='word_1_5' title='bbox 222 427 344 490; x_wconf 81' lang='lat' dir='ltr'><strong>omnes?</strong></span> <span class='ocrx_word' id='word_1_6' title='bbox 367 447 439 507; x_wconf 76' lang='lat' dir='ltr'><strong>ergo</strong></span> <span class='ocrx_word' id='word_1_7' title='bbox 462 431 558 488; x_wconf 91' lang='lat' dir='ltr'><strong>acrior</strong></span> <span class='ocrx_word' id='word_1_8' title='bbox 580 429 722 508; x_wconf 92' lang='lat' dir='ltr'><strong>impetus,</strong></span> <span class='ocrx_word' id='word_1_9' title='bbox 746 440 776 490; x_wconf 86' lang='lat' dir='ltr'><strong>et</strong></span> <span class='ocrx_word' id='word_1_10' title='bbox 798 433 853 492; x_wconf 93' lang='lat' dir='ltr'><strong>iam</strong></span> 
     </span>
     <span class='ocr_line' id='line_1_3' title="bbox 45 512 791 592; baseline -0.001 -17"><span class='ocrx_word' id='word_1_11' title='bbox 45 517 121 576; x_wconf 90' lang='lat' dir='ltr'><strong>Saxa</strong></span> <span class='ocrx_word' id='word_1_12' title='bbox 142 512 285 573; x_wconf 92' lang='lat' dir='ltr'><strong>inclinatis</strong></span> <span class='ocrx_word' id='word_1_13' title='bbox 310 530 364 592; x_wconf 93' lang='lat' dir='ltr'><strong>per</strong></span> <span class='ocrx_word' id='word_1_14' title='bbox 385 513 499 572; x_wconf 88' lang='lat' dir='ltr'><strong>humum</strong></span> <span class='ocrx_word' id='word_1_15' title='bbox 521 515 652 590; x_wconf 90' lang='lat' dir='ltr'><strong>quaesita</strong></span> <span class='ocrx_word' id='word_1_16' title='bbox 673 514 791 574; x_wconf 89' lang='lat' dir='ltr'><strong>lacertis</strong></span> 
     </span>
     <span class='ocr_line' id='line_1_4' title="bbox 44 596 703 676; baseline -0.003 -18"><span class='ocrx_word' id='word_1_17' title='bbox 44 599 186 676; x_wconf 82' lang='lat' dir='ltr'>Incipiunt</span> <span class='ocrx_word' id='word_1_18' title='bbox 208 606 365 675; x_wconf 89' lang='lat' dir='ltr'><strong>torquere,</strong></span> <span class='ocrx_word' id='word_1_19' title='bbox 387 596 547 656; x_wconf 90' lang='lat' dir='ltr'><strong>domestica</strong></span> <span class='ocrx_word' id='word_1_20' title='bbox 569 597 703 657; x_wconf 73' lang='lat' dir='ltr'><strong>seditioni</strong></span> 
     </span>
     <span class='ocr_line' id='line_1_5' title="bbox 44 680 1029 759; baseline 0.002 -16"><span class='ocrx_word' id='word_1_21' title='bbox 44 682 134 758; x_wconf 78' lang='lat' dir='ltr'><strong>l&#39;ela,</strong></span> <span class='ocrx_word' id='word_1_22' title='bbox 157 698 213 740; x_wconf 93' lang='lat' dir='ltr'><strong>nec</strong></span> <span class='ocrx_word' id='word_1_23' title='bbox 232 680 309 740; x_wconf 91' lang='lat' dir='ltr'><strong>bunc</strong></span> <span class='ocrx_word' id='word_1_24' title='bbox 331 680 471 758; x_wconf 80' lang='lat' dir='ltr'><strong>lapidem,</strong></span> <span class='ocrx_word' id='word_1_25' title='bbox 496 680 598 759; x_wconf 88' lang='lat' dir='ltr'><strong>quales</strong></span> <span class='ocrx_word' id='word_1_26' title='bbox 621 691 650 740; x_wconf 91' lang='lat' dir='ltr'><strong>et</strong></span> <span class='ocrx_word' id='word_1_27' title='bbox 672 680 784 741; x_wconf 87' lang='lat' dir='ltr'><strong>Turnus</strong></span> <span class='ocrx_word' id='word_1_28' title='bbox 808 689 838 741; x_wconf 91' lang='lat' dir='ltr'><strong>et</strong></span> <span class='ocrx_word' id='word_1_29' title='bbox 860 681 945 757; x_wconf 91' lang='lat' dir='ltr'><strong>Aiax,</strong></span> <span class='ocrx_word' id='word_1_30' title='bbox 995 691 1029 745; x_wconf 78' lang='lat'><strong>65</strong></span> 
     </span>
     <span class='ocr_line' id='line_1_6' title="bbox 47 763 777 844; baseline -0.001 -20"><span class='ocrx_word' id='word_1_31' title='bbox 47 765 100 825; x_wconf 92' lang='lat' dir='ltr'><strong>Vel</strong></span> <span class='ocrx_word' id='word_1_32' title='bbox 123 781 181 844; x_wconf 91' lang='lat' dir='ltr'><strong>quo</strong></span> <span class='ocrx_word' id='word_1_33' title='bbox 204 763 331 840; x_wconf 75' lang='lat' dir='ltr'><strong>Tydides</strong></span> <span class='ocrx_word' id='word_1_34' title='bbox 354 763 498 844; x_wconf 77' lang='lat' dir='ltr'><strong>percussit</strong></span> <span class='ocrx_word' id='word_1_35' title='bbox 520 764 650 842; x_wconf 91' lang='lat' dir='ltr'><strong>pondere</strong></span> <span class='ocrx_word' id='word_1_36' title='bbox 673 782 777 825; x_wconf 90' lang='lat' dir='ltr'><strong>coxam</strong></span> 
     </span>
     <span class='ocr_line' id='line_1_7' title="bbox 45 847 803 926; baseline -0.001 -17"><span class='ocrx_word' id='word_1_37' title='bbox 45 850 179 924; x_wconf 81' lang='lat' dir='ltr'><strong>Aeneae,</strong></span> <span class='ocrx_word' id='word_1_38' title='bbox 206 847 260 907; x_wconf 88' lang='lat' dir='ltr'><strong>sed</strong></span> <span class='ocrx_word' id='word_1_39' title='bbox 279 866 364 926; x_wconf 90' lang='lat' dir='ltr'><strong>quem</strong></span> <span class='ocrx_word' id='word_1_40' title='bbox 386 848 503 908; x_wconf 88' lang='lat' dir='ltr'><strong>valeant</strong></span> <span class='ocrx_word' id='word_1_41' title='bbox 524 849 656 908; x_wconf 90' lang='lat' dir='ltr'><strong>emittere</strong></span> <span class='ocrx_word' id='word_1_42' title='bbox 681 849 803 908; x_wconf 76' lang='lat' dir='ltr'><strong>dextrae</strong></span> 
     </span>
     <span class='ocr_line' id='line_1_8' title="bbox 43 931 730 1011; baseline -0.003 -19"><span class='ocrx_word' id='word_1_43' title='bbox 43 933 105 993; x_wconf 93' lang='lat' dir='ltr'><strong>lllis</strong></span> <span class='ocrx_word' id='word_1_44' title='bbox 129 931 283 992; x_wconf 88' lang='lat' dir='ltr'><strong>dissimiles</strong></span> <span class='ocrx_word' id='word_1_45' title='bbox 308 941 336 992; x_wconf 87' lang='lat' dir='ltr'><strong>et</strong></span> <span class='ocrx_word' id='word_1_46' title='bbox 358 941 459 992; x_wconf 91' lang='lat' dir='ltr'><strong>nostro</strong></span> <span class='ocrx_word' id='word_1_47' title='bbox 480 939 614 1011; x_wconf 90' lang='lat' dir='ltr'><strong>tempore</strong></span> <span class='ocrx_word' id='word_1_48' title='bbox 636 941 730 993; x_wconf 60' lang='lat' dir='ltr'><strong>nataea</strong></span> 
     </span>
     <span class='ocr_line' id='line_1_9' title="bbox 41 1015 852 1094; baseline -0.002 -18"><span class='ocrx_word' id='word_1_49' title='bbox 41 1016 116 1076; x_wconf 88' lang='lat' dir='ltr'><strong>Nam</strong></span> <span class='ocrx_word' id='word_1_50' title='bbox 137 1033 229 1094; x_wconf 84' lang='lat' dir='ltr'><strong>genus</strong></span> <span class='ocrx_word' id='word_1_51' title='bbox 252 1016 310 1076; x_wconf 93' lang='lat' dir='ltr'><strong>hoc</strong></span> <span class='ocrx_word' id='word_1_52' title='bbox 330 1017 398 1075; x_wconf 85' lang='lat' dir='ltr'><strong>vivo</strong></span> <span class='ocrx_word' id='word_1_53' title='bbox 419 1017 476 1076; x_wconf 90' lang='lat' dir='ltr'><strong>iam</strong></span> <span class='ocrx_word' id='word_1_54' title='bbox 497 1015 690 1077; x_wconf 77' lang='lat' dir='ltr'><strong>decrescebat</strong></span> <span class='ocrx_word' id='word_1_55' title='bbox 711 1015 852 1082; x_wconf 89' lang='lat' dir='ltr'><strong>llomero;</strong></span> 
     </span>
     <span class='ocr_line' id='line_1_10' title="bbox 41 1099 1031 1180; baseline 0.001 -20"><span class='ocrx_word' id='word_1_56' title='bbox 41 1100 136 1160; x_wconf 86' lang='lat' dir='ltr'><strong>Terra</strong></span> <span class='ocrx_word' id='word_1_57' title='bbox 155 1099 248 1160; x_wconf 92' lang='lat' dir='ltr'><strong>malos</strong></span> <span class='ocrx_word' id='word_1_58' title='bbox 270 1100 401 1159; x_wconf 91' lang='lat' dir='ltr'><strong>homines</strong></span> <span class='ocrx_word' id='word_1_59' title='bbox 423 1117 499 1158; x_wconf 91' lang='lat' dir='ltr'><strong>nunc</strong></span> <span class='ocrx_word' id='word_1_60' title='bbox 525 1099 630 1160; x_wconf 90' lang='lat' dir='ltr'><strong>educat</strong></span> <span class='ocrx_word' id='word_1_61' title='bbox 654 1109 741 1180; x_wconf 88' lang='lat' dir='ltr'><strong>atque</strong></span> <span class='ocrx_word' id='word_1_62' title='bbox 764 1099 898 1178; x_wconf 89' lang='lat' dir='ltr'><strong>pusillos.</strong></span> <span class='ocrx_word' id='word_1_63' title='bbox 996 1107 1031 1161; x_wconf 84' lang='lat'><strong>70</strong></span> 
     </span>
     <span class='ocr_line' id='line_1_11' title="bbox 40 1183 840 1262; baseline -0.003 -19"><span class='ocrx_word' id='word_1_64' title='bbox 40 1183 126 1262; x_wconf 82' lang='lat' dir='ltr'><strong>Ergo</strong></span> <span class='ocrx_word' id='word_1_65' title='bbox 153 1184 241 1259; x_wconf 90' lang='lat' dir='ltr'><strong>deus,</strong></span> <span class='ocrx_word' id='word_1_66' title='bbox 266 1185 439 1262; x_wconf 85' lang='lat' dir='ltr'><strong>quicumque</strong></span> <span class='ocrx_word' id='word_1_67' title='bbox 464 1184 594 1262; x_wconf 78' lang='lat' dir='ltr'><strong>aspexit,</strong></span> <span class='ocrx_word' id='word_1_68' title='bbox 620 1184 696 1244; x_wconf 90' lang='lat' dir='ltr'><strong>ridet</strong></span> <span class='ocrx_word' id='word_1_69' title='bbox 719 1193 748 1243; x_wconf 92' lang='lat' dir='ltr'><strong>et</strong></span> <span class='ocrx_word' id='word_1_70' title='bbox 771 1183 840 1242; x_wconf 90' lang='lat' dir='ltr'><strong>odit.</strong></span> 
     </span>
    </p>

    <p class='ocr_par' dir='ltr' id='par_1_3' title="bbox 2 1267 1094 3522">
     <span class='ocr_line' id='line_1_12' title="bbox 86 1267 821 1346; baseline 0.003 -20"><span class='ocrx_word' id='word_1_71' title='bbox 86 1267 114 1326; x_wconf 95' lang='lat' dir='ltr'><strong>A</strong></span> <span class='ocrx_word' id='word_1_72' title='bbox 137 1267 318 1328; x_wconf 89' lang='lat' dir='ltr'><strong>deverticulo</strong></span> <span class='ocrx_word' id='word_1_73' title='bbox 341 1275 492 1345; x_wconf 88' lang='lat' dir='ltr'><strong>repetatur</strong></span> <span class='ocrx_word' id='word_1_74' title='bbox 513 1267 620 1328; x_wconf 86' lang='lat' dir='ltr'><strong>fabula.</strong></span> <span class='ocrx_word' id='word_1_75' title='bbox 655 1267 821 1346; x_wconf 90' lang='lat' dir='ltr'><strong>Postquam,</strong></span> 
     </span>
     <span class='ocr_line' id='line_1_13' title="bbox 39 1351 797 1431; baseline -0.004 -18"><span class='ocrx_word' id='word_1_76' title='bbox 39 1351 187 1413; x_wconf 91' lang='lat' dir='ltr'><strong>Subsidiis</strong></span> <span class='ocrx_word' id='word_1_77' title='bbox 209 1353 302 1427; x_wconf 90' lang='lat' dir='ltr'><strong>aucti,</strong></span> <span class='ocrx_word' id='word_1_78' title='bbox 326 1369 394 1431; x_wconf 93' lang='lat' dir='ltr'><strong>pars</strong></span> <span class='ocrx_word' id='word_1_79' title='bbox 416 1351 509 1411; x_wconf 89' lang='lat' dir='ltr'><strong>altera</strong></span> <span class='ocrx_word' id='word_1_80' title='bbox 531 1368 666 1430; x_wconf 89' lang='lat' dir='ltr'><strong>promere</strong></span> <span class='ocrx_word' id='word_1_81' title='bbox 689 1352 797 1411; x_wconf 87' lang='lat' dir='ltr'><strong>ferrum</strong></span> 
     </span>
     <span class='ocr_line' id='line_1_14' title="bbox 40 1435 811 1514; baseline -0.006 -18"><span class='ocrx_word' id='word_1_82' title='bbox 40 1436 143 1496; x_wconf 84' lang='lat' dir='ltr'><strong>Audet</strong></span> <span class='ocrx_word' id='word_1_83' title='bbox 165 1445 194 1496; x_wconf 90' lang='lat' dir='ltr'><strong>et</strong></span> <span class='ocrx_word' id='word_1_84' title='bbox 216 1435 329 1494; x_wconf 91' lang='lat' dir='ltr'><strong>iniestis</strong></span> <span class='ocrx_word' id='word_1_85' title='bbox 351 1453 477 1514; x_wconf 82' lang='lat' dir='ltr'><strong>pugnam</strong></span> <span class='ocrx_word' id='word_1_86' title='bbox 498 1435 659 1494; x_wconf 89' lang='lat' dir='ltr'><strong>instaurare</strong></span> <span class='ocrx_word' id='word_1_87' title='bbox 683 1435 811 1511; x_wconf 81' lang='lat' dir='ltr'><strong>sagittis:</strong></span> 
     </span>
     <span class='ocr_line' id='line_1_15' title="bbox 39 1515 1030 1597; baseline -0.007 -16"><span class='ocrx_word' id='word_1_88' title='bbox 39 1522 142 1597; x_wconf 82' lang='lat' dir='ltr'><strong>Terga</strong></span> <span class='ocrx_word' id='word_1_89' title='bbox 167 1519 236 1596; x_wconf 84' lang='lat' dir='ltr'><strong>iuga</strong></span> <span class='ocrx_word' id='word_1_90' title='bbox 260 1519 351 1579; x_wconf 91' lang='lat' dir='ltr'><strong>celeri</strong></span> <span class='ocrx_word' id='word_1_91' title='bbox 374 1526 539 1597; x_wconf 89' lang='lat' dir='ltr'><strong>praestant,</strong></span> <span class='ocrx_word' id='word_1_92' title='bbox 565 1517 735 1577; x_wconf 91' lang='lat' dir='ltr'><strong>instantibus</strong></span> <span class='ocrx_word' id='word_1_93' title='bbox 759 1515 867 1592; x_wconf 90' lang='lat' dir='ltr'><strong>Ombis,</strong></span> <span class='ocrx_word' id='word_1_94' title='bbox 996 1527 1030 1581; x_wconf 78' lang='lat'><strong>75</strong></span> 
     </span>
     <span class='ocr_line' id='line_1_16' title="bbox 40 1599 815 1680; baseline -0.005 -18"><span class='ocrx_word' id='word_1_95' title='bbox 40 1605 101 1678; x_wconf 87' lang='lat' dir='ltr'><strong>Qui</strong></span> <span class='ocrx_word' id='word_1_96' title='bbox 123 1605 217 1663; x_wconf 87' lang='lat' dir='ltr'><strong>vicina</strong></span> <span class='ocrx_word' id='word_1_97' title='bbox 244 1603 343 1662; x_wconf 90' lang='lat' dir='ltr'><strong>colunt</strong></span> <span class='ocrx_word' id='word_1_98' title='bbox 365 1601 520 1662; x_wconf 88' lang='lat' dir='ltr'><strong>umbrosae</strong></span> <span class='ocrx_word' id='word_1_99' title='bbox 542 1599 669 1676; x_wconf 78' lang='lat' dir='ltr'><strong>&#39;l&#39;entyra</strong></span> <span class='ocrx_word' id='word_1_100' title='bbox 692 1601 815 1680; x_wconf 91' lang='lat' dir='ltr'><strong>palmae.</strong></span> 
     </span>
     <span class='ocr_line' id='line_1_17' title="bbox 39 1686 838 1766; baseline -0.008 -18"><span class='ocrx_word' id='word_1_101' title='bbox 39 1687 163 1748; x_wconf 86' lang='lat' dir='ltr'><strong>Labitur</strong></span> <span class='ocrx_word' id='word_1_102' title='bbox 187 1687 254 1746; x_wconf 91' lang='lat' dir='ltr'><strong>binc</strong></span> <span class='ocrx_word' id='word_1_103' title='bbox 280 1686 410 1766; x_wconf 84' lang='lat' dir='ltr'><strong>quidam,</strong></span> <span class='ocrx_word' id='word_1_104' title='bbox 438 1686 523 1746; x_wconf 92' lang='lat' dir='ltr'><strong>nimia</strong></span> <span class='ocrx_word' id='word_1_105' title='bbox 544 1686 697 1746; x_wconf 82' lang='lat' dir='ltr'><strong>formidine</strong></span> <span class='ocrx_word' id='word_1_106' title='bbox 724 1702 838 1744; x_wconf 91' lang='lat' dir='ltr'><strong>cursum</strong></span> 
     </span>
     <span class='ocr_line' id='line_1_18' title="bbox 39 1769 981 1851; baseline -0.006 -19"><span class='ocrx_word' id='word_1_107' title='bbox 39 1771 264 1849; x_wconf 89' lang='lat' dir='ltr'><strong>Praecipitans,</strong></span> <span class='ocrx_word' id='word_1_108' title='bbox 289 1773 475 1851; x_wconf 88' lang='lat' dir='ltr'><strong>capiturque;</strong></span> <span class='ocrx_word' id='word_1_109' title='bbox 503 1779 548 1831; x_wconf 90' lang='lat' dir='ltr'><strong>ast</strong></span> <span class='ocrx_word' id='word_1_110' title='bbox 572 1770 703 1831; x_wconf 90' lang='lat' dir='ltr'><strong>illumin</strong></span> <span class='ocrx_word' id='word_1_111' title='bbox 726 1769 848 1848; x_wconf 91' lang='lat' dir='ltr'><strong>plurima</strong></span> <span class='ocrx_word' id='word_1_112' title='bbox 871 1777 981 1829; x_wconf 91' lang='lat' dir='ltr'><strong>sectum</strong></span> 
     </span>
     <span class='ocr_line' id='line_1_19' title="bbox 38 1855 815 1933; baseline -0.005 -19"><span class='ocrx_word' id='word_1_113' title='bbox 38 1855 148 1914; x_wconf 86' lang='lat' dir='ltr'><strong>Frusta</strong></span> <span class='ocrx_word' id='word_1_114' title='bbox 174 1863 204 1914; x_wconf 93' lang='lat' dir='ltr'><strong>et</strong></span> <span class='ocrx_word' id='word_1_115' title='bbox 224 1856 397 1933; x_wconf 86' lang='lat' dir='ltr'><strong>particulas,</strong></span> <span class='ocrx_word' id='word_1_116' title='bbox 418 1864 450 1915; x_wconf 91' lang='lat' dir='ltr'><strong>ut</strong></span> <span class='ocrx_word' id='word_1_117' title='bbox 475 1855 571 1915; x_wconf 89' lang='lat' dir='ltr'><strong>multis</strong></span> <span class='ocrx_word' id='word_1_118' title='bbox 593 1863 721 1915; x_wconf 89' lang='lat' dir='ltr'><strong>mortuus</strong></span> <span class='ocrx_word' id='word_1_119' title='bbox 743 1871 815 1912; x_wconf 90' lang='lat' dir='ltr'><strong>unus</strong></span> 
     </span>
     <span class='ocr_line' id='line_1_20' title="bbox 40 1937 1031 2012; baseline 0 -14"><span class='ocrx_word' id='word_1_120' title='bbox 40 1937 221 2012; x_wconf 83' lang='lat' dir='ltr'><strong>Sufficeret,</strong></span> <span class='ocrx_word' id='word_1_121' title='bbox 243 1947 333 1996; x_wconf 88' lang='lat' dir='ltr'><strong>totum</strong></span> <span class='ocrx_word' id='word_1_122' title='bbox 357 1941 485 1998; x_wconf 91' lang='lat' dir='ltr'><strong>corrosis</strong></span> <span class='ocrx_word' id='word_1_123' title='bbox 507 1938 622 1998; x_wconf 90' lang='lat' dir='ltr'><strong>ossibus</strong></span> <span class='ocrx_word' id='word_1_124' title='bbox 651 1938 710 1998; x_wconf 91' lang='lat' dir='ltr'><strong>edit</strong></span> <span class='ocrx_word' id='word_1_125' title='bbox 995 1945 1031 1998; x_wconf 80' lang='grc'><strong>80</strong></span> 
     </span>
     <span class='ocr_line' id='line_1_21' title="bbox 42 2018 734 2094; baseline 0 -15"><span class='ocrx_word' id='word_1_126' title='bbox 42 2021 161 2079; x_wconf 86' lang='lat' dir='ltr'><strong>Victrix</strong></span> <span class='ocrx_word' id='word_1_127' title='bbox 184 2018 283 2094; x_wconf 90' lang='lat' dir='ltr'><strong>turba,</strong></span> <span class='ocrx_word' id='word_1_128' title='bbox 306 2038 362 2079; x_wconf 88' lang='lat' dir='ltr'><strong>nec</strong></span> <span class='ocrx_word' id='word_1_129' title='bbox 384 2022 493 2081; x_wconf 87' lang='lat' dir='ltr'><strong>ardenti</strong></span> <span class='ocrx_word' id='word_1_130' title='bbox 519 2023 637 2083; x_wconf 89' lang='lat' dir='ltr'><strong>decoxit</strong></span> <span class='ocrx_word' id='word_1_131' title='bbox 658 2039 734 2083; x_wconf 88' lang='lat' dir='ltr'><strong>aeno</strong></span> 
     </span>
     <span class='ocr_line' id='line_1_22' title="bbox 2 2099 933 2183; baseline 0 -21"><span class='ocrx_word' id='word_1_132' title='bbox 2 2099 3 2126; x_wconf 71' lang='lat'>³</span> <span class='ocrx_word' id='word_1_133' title='bbox 41 2105 107 2163; x_wconf 90' lang='lat' dir='ltr'><strong>Aut</strong></span> <span class='ocrx_word' id='word_1_134' title='bbox 127 2101 261 2171; x_wconf 85' lang='lat' dir='ltr'><strong>veribus;</strong></span> <span class='ocrx_word' id='word_1_135' title='bbox 285 2101 402 2178; x_wconf 79' lang='lat' dir='ltr'><strong>longum</strong></span> <span class='ocrx_word' id='word_1_136' title='bbox 424 2107 610 2182; x_wconf 89' lang='lat' dir='ltr'><strong>usqueadeo</strong></span> <span class='ocrx_word' id='word_1_137' title='bbox 631 2106 801 2183; x_wconf 90' lang='lat' dir='ltr'><strong>tardumque</strong></span> <span class='ocrx_word' id='word_1_138' title='bbox 823 2105 933 2181; x_wconf 89' lang='lat' dir='ltr'><strong>putavit</strong></span> 
     </span>
     <span class='ocr_line' id='line_1_23' title="bbox 41 2186 805 2264; baseline -0.003 -16"><span class='ocrx_word' id='word_1_139' title='bbox 41 2187 233 2264; x_wconf 85' lang='lat' dir='ltr'><strong>Exspectare</strong></span> <span class='ocrx_word' id='word_1_140' title='bbox 255 2186 357 2259; x_wconf 86' lang='lat' dir='ltr'><strong>focos,</strong></span> <span class='ocrx_word' id='word_1_141' title='bbox 383 2195 517 2246; x_wconf 86' lang='lat' dir='ltr'><strong>contenta</strong></span> <span class='ocrx_word' id='word_1_142' title='bbox 540 2191 684 2250; x_wconf 84' lang='lat' dir='ltr'><strong>cadavere</strong></span> <span class='ocrx_word' id='word_1_143' title='bbox 705 2188 805 2250; x_wconf 91' lang='lat' dir='ltr'><strong>crudo.</strong></span> 
     </span>
     <span class='ocr_line' id='line_1_24' title="bbox 40 2267 847 2350; baseline 0 -19"><span class='ocrx_word' id='word_1_144' title='bbox 40 2271 101 2332; x_wconf 85' lang='lat' dir='ltr'><strong>llic</strong></span> <span class='ocrx_word' id='word_1_145' title='bbox 122 2269 252 2346; x_wconf 81' lang='lat' dir='ltr'><strong>gaudere</strong></span> <span class='ocrx_word' id='word_1_146' title='bbox 275 2267 363 2344; x_wconf 90' lang='lat' dir='ltr'><strong>libet,</strong></span> <span class='ocrx_word' id='word_1_147' title='bbox 388 2269 465 2346; x_wconf 90' lang='lat' dir='ltr'><strong>quod</strong></span> <span class='ocrx_word' id='word_1_148' title='bbox 487 2287 544 2330; x_wconf 93' lang='lat' dir='ltr'><strong>non</strong></span> <span class='ocrx_word' id='word_1_149' title='bbox 566 2273 720 2334; x_wconf 85' lang='lat' dir='ltr'><strong>violaverit</strong></span> <span class='ocrx_word' id='word_1_150' title='bbox 741 2273 847 2350; x_wconf 79' lang='lat' dir='ltr'><strong>ignem,</strong></span> 
     </span>
     <span class='ocr_line' id='line_1_25' title="bbox 42 2352 1030 2432; baseline 0.006 -20"><span class='ocrx_word' id='word_1_151' title='bbox 42 2356 143 2430; x_wconf 83' lang='lat' dir='ltr'><strong>Quem</strong></span> <span class='ocrx_word' id='word_1_152' title='bbox 165 2367 273 2412; x_wconf 88' lang='lat' dir='ltr'><strong>summa</strong></span> <span class='ocrx_word' id='word_1_153' title='bbox 299 2352 375 2412; x_wconf 91' lang='lat' dir='ltr'><strong>coeli</strong></span> <span class='ocrx_word' id='word_1_154' title='bbox 398 2360 510 2430; x_wconf 90' lang='lat' dir='ltr'><strong>raptum</strong></span> <span class='ocrx_word' id='word_1_155' title='bbox 532 2354 569 2412; x_wconf 93' lang='lat' dir='ltr'><strong>de</strong></span> <span class='ocrx_word' id='word_1_156' title='bbox 591 2365 673 2432; x_wconf 89' lang='lat' dir='ltr'><strong>parte</strong></span> <span class='ocrx_word' id='word_1_157' title='bbox 696 2357 884 2417; x_wconf 87' lang='lat' dir='ltr'><strong>Prometheus</strong></span> <span class='ocrx_word' id='word_1_158' title='bbox 996 2365 1030 2420; x_wconf 83' lang='grc'><strong>85</strong></span> 
     </span>
     <span class='ocr_line' id='line_1_26' title="bbox 40 2436 736 2515; baseline 0.004 -18"><span class='ocrx_word' id='word_1_159' title='bbox 40 2437 175 2498; x_wconf 86' lang='lat' dir='ltr'><strong>Donavit</strong></span> <span class='ocrx_word' id='word_1_160' title='bbox 195 2437 297 2504; x_wconf 90' lang='lat' dir='ltr'><strong>terris;</strong></span> <span class='ocrx_word' id='word_1_161' title='bbox 321 2436 479 2515; x_wconf 87' lang='lat' dir='ltr'><strong>{elemento</strong></span> <span class='ocrx_word' id='word_1_162' title='bbox 503 2436 634 2513; x_wconf 84' lang='lat' dir='ltr'><strong>gratulor</strong></span> <span class='ocrx_word' id='word_1_163' title='bbox 656 2448 686 2498; x_wconf 94' lang='lat' dir='ltr'><strong>et</strong></span> <span class='ocrx_word' id='word_1_164' title='bbox 706 2449 736 2500; x_wconf 93' lang='lat' dir='ltr'><strong>te</strong></span> 
     </span>
     <span class='ocr_line' id='line_1_27' title="bbox 41 2519 789 2599; baseline 0.001 -17"><span class='ocrx_word' id='word_1_165' title='bbox 41 2520 205 2582; x_wconf 77' lang='lat' dir='ltr'><strong>Exsultare</strong></span> <span class='ocrx_word' id='word_1_166' title='bbox 227 2520 320 2599; x_wconf 82' lang='lat' dir='ltr'><strong>reon]</strong></span> <span class='ocrx_word' id='word_1_167' title='bbox 358 2520 417 2581; x_wconf 88' lang='lat' dir='ltr'><strong>Sed</strong></span> <span class='ocrx_word' id='word_1_168' title='bbox 439 2521 488 2598; x_wconf 90' lang='lat' dir='ltr'><strong>qui</strong></span> <span class='ocrx_word' id='word_1_169' title='bbox 506 2519 641 2580; x_wconf 89' lang='lat' dir='ltr'><strong>mordere</strong></span> <span class='ocrx_word' id='word_1_170' title='bbox 664 2523 789 2585; x_wconf 85' lang='lat' dir='ltr'><strong>cadaver</strong></span> 
     </span>
     <span class='ocr_line' id='line_1_28' title="bbox 42 2603 862 2682; baseline 0 -15"><span class='ocrx_word' id='word_1_171' title='bbox 42 2605 205 2678; x_wconf 87' lang='lat' dir='ltr'><strong>Sustinuit,</strong></span> <span class='ocrx_word' id='word_1_172' title='bbox 228 2603 269 2664; x_wconf 94' lang='lat' dir='ltr'><strong>nil</strong></span> <span class='ocrx_word' id='word_1_173' title='bbox 290 2621 422 2682; x_wconf 90' lang='lat' dir='ltr'><strong>umquam</strong></span> <span class='ocrx_word' id='word_1_174' title='bbox 443 2604 499 2664; x_wconf 92' lang='lat' dir='ltr'><strong>bac</strong></span> <span class='ocrx_word' id='word_1_175' title='bbox 521 2621 608 2664; x_wconf 93' lang='lat' dir='ltr'><strong>carne</strong></span> <span class='ocrx_word' id='word_1_176' title='bbox 630 2603 767 2666; x_wconf 90' lang='lat' dir='ltr'><strong>libentius</strong></span> <span class='ocrx_word' id='word_1_177' title='bbox 790 2607 862 2676; x_wconf 90' lang='lat' dir='ltr'><strong>edit;</strong></span> 
     </span>
     <span class='ocr_line' id='line_1_29' title="bbox 42 2686 859 2767; baseline -0.002 -16"><span class='ocrx_word' id='word_1_178' title='bbox 42 2689 121 2751; x_wconf 90' lang='lat' dir='ltr'><strong>Nam</strong></span> <span class='ocrx_word' id='word_1_179' title='bbox 143 2686 260 2747; x_wconf 91' lang='lat' dir='ltr'><strong>scelere</strong></span> <span class='ocrx_word' id='word_1_180' title='bbox 281 2689 311 2747; x_wconf 94' lang='lat' dir='ltr'><strong>in</strong></span> <span class='ocrx_word' id='word_1_181' title='bbox 332 2695 412 2748; x_wconf 91' lang='lat' dir='ltr'><strong>tanto</strong></span> <span class='ocrx_word' id='word_1_182' title='bbox 435 2706 472 2748; x_wconf 92' lang='lat' dir='ltr'><strong>ne</strong></span> <span class='ocrx_word' id='word_1_183' title='bbox 491 2705 614 2767; x_wconf 84' lang='lat' dir='ltr'><strong>quaeras</strong></span> <span class='ocrx_word' id='word_1_184' title='bbox 638 2696 667 2746; x_wconf 89' lang='lat' dir='ltr'><strong>et</strong></span> <span class='ocrx_word' id='word_1_185' title='bbox 688 2687 802 2749; x_wconf 90' lang='lat' dir='ltr'><strong>dubites</strong></span> <span class='ocrx_word' id='word_1_186' title='bbox 823 2708 859 2749; x_wconf 93' lang='lat' dir='ltr'><strong>an</strong></span> 
     </span>
     <span class='ocr_line' id='line_1_30' title="bbox 42 2770 1094 2850; baseline -0.003 -16"><span class='ocrx_word' id='word_1_187' title='bbox 42 2773 142 2834; x_wconf 87' lang='lat' dir='ltr'><strong>Prima</strong></span> <span class='ocrx_word' id='word_1_188' title='bbox 161 2770 340 2850; x_wconf 85' lang='lat' dir='ltr'><strong>voluptatem</strong></span> <span class='ocrx_word' id='word_1_189' title='bbox 360 2772 430 2849; x_wconf 77' lang='lat' dir='ltr'><strong>gula</strong></span> <span class='ocrx_word' id='word_1_190' title='bbox 448 2772 587 2840; x_wconf 90' lang='lat' dir='ltr'><strong>senserit;</strong></span> <span class='ocrx_word' id='word_1_191' title='bbox 611 2770 726 2830; x_wconf 90' lang='lat' dir='ltr'><strong>ultimus</strong></span> <span class='ocrx_word' id='word_1_192' title='bbox 749 2781 845 2832; x_wconf 89' lang='lat' dir='ltr'><strong>autem</strong></span> <span class='ocrx_word' id='word_1_193' title='bbox 998 2784 1032 2838; x_wconf 74' lang='lat' dir='ltr'><strong>oo</strong></span> <span class='ocrx_word' id='word_1_194' title='bbox 1092 2839 1094 2846; x_wconf 41' lang='grc'>,</span> 
     </span>
     <span class='ocr_line' id='line_1_31' title="bbox 43 2854 844 2934; baseline -0.002 -18"><span class='ocrx_word' id='word_1_195' title='bbox 43 2857 105 2931; x_wconf 86' lang='lat' dir='ltr'><strong>Qui</strong></span> <span class='ocrx_word' id='word_1_196' title='bbox 127 2856 223 2932; x_wconf 91' lang='lat' dir='ltr'><strong>stetit,</strong></span> <span class='ocrx_word' id='word_1_197' title='bbox 246 2854 398 2934; x_wconf 90' lang='lat' dir='ltr'><strong>absumpto</strong></span> <span class='ocrx_word' id='word_1_198' title='bbox 422 2857 477 2916; x_wconf 87' lang='lat' dir='ltr'><strong>ianr</strong></span> <span class='ocrx_word' id='word_1_199' title='bbox 499 2864 562 2916; x_wconf 94' lang='lat' dir='ltr'><strong>toto</strong></span> <span class='ocrx_word' id='word_1_200' title='bbox 585 2871 729 2933; x_wconf 91' lang='lat' dir='ltr'><strong>corpore,</strong></span> <span class='ocrx_word' id='word_1_201' title='bbox 752 2855 844 2915; x_wconf 88' lang='lat' dir='ltr'><strong>ductis</strong></span> 
     </span>
     <span class='ocr_line' id='line_1_32' title="bbox 42 2938 842 3021; baseline -0.006 -19"><span class='ocrx_word' id='word_1_202' title='bbox 42 2943 106 3002; x_wconf 91' lang='lat' dir='ltr'><strong>Per</strong></span> <span class='ocrx_word' id='word_1_203' title='bbox 131 2947 238 3000; x_wconf 90' lang='lat' dir='ltr'><strong>terram</strong></span> <span class='ocrx_word' id='word_1_204' title='bbox 265 2938 362 3017; x_wconf 84' lang='lat' dir='ltr'><strong>digitis</strong></span> <span class='ocrx_word' id='word_1_205' title='bbox 384 2939 490 3019; x_wconf 90' lang='lat' dir='ltr'><strong>aliquid</strong></span> <span class='ocrx_word' id='word_1_206' title='bbox 513 2940 550 3000; x_wconf 94' lang='lat' dir='ltr'><strong>de</strong></span> <span class='ocrx_word' id='word_1_207' title='bbox 575 2941 714 3021; x_wconf 70' lang='lat' dir='ltr'><strong>sanguine</strong></span> <span class='ocrx_word' id='word_1_208' title='bbox 736 2948 842 3016; x_wconf 83' lang='lat' dir='ltr'><strong>gustat.</strong></span> 
     </span>
     <span class='ocr_line' id='line_1_33' title="bbox 42 3022 892 3101; baseline -0.002 -17"><span class='ocrx_word' id='word_1_209' title='bbox 42 3026 219 3101; x_wconf 84' lang='lat' dir='ltr'><strong>Vascones,</strong></span> <span class='ocrx_word' id='word_1_210' title='bbox 241 3023 317 3084; x_wconf 91' lang='lat' dir='ltr'><strong>baec</strong></span> <span class='ocrx_word' id='word_1_211' title='bbox 338 3024 413 3084; x_wconf 82' lang='lat' dir='ltr'><strong>lama</strong></span> <span class='ocrx_word' id='word_1_212' title='bbox 437 3033 501 3101; x_wconf 91' lang='lat' dir='ltr'><strong>est,</strong></span> <span class='ocrx_word' id='word_1_213' title='bbox 527 3024 670 3084; x_wconf 86' lang='lat' dir='ltr'><strong>alimentis</strong></span> <span class='ocrx_word' id='word_1_214' title='bbox 694 3022 798 3083; x_wconf 90' lang='lat' dir='ltr'><strong>talibus</strong></span> <span class='ocrx_word' id='word_1_215' title='bbox 825 3023 892 3082; x_wconf 91' lang='lat' dir='ltr'><strong>olim</strong></span> 
     </span>
     <span class='ocr_line' id='line_1_34' title="bbox 43 3107 832 3182; baseline -0.006 -11"><span class='ocrx_word' id='word_1_216' title='bbox 43 3107 220 3171; x_wconf 89' lang='lat' dir='ltr'><strong>Produxerc</strong></span> <span class='ocrx_word' id='word_1_217' title='bbox 241 3110 365 3168; x_wconf 87' lang='lat' dir='ltr'><strong>animas:</strong></span> <span class='ocrx_word' id='word_1_218' title='bbox 392 3109 446 3169; x_wconf 90' lang='lat' dir='ltr'><strong>sed</strong></span> <span class='ocrx_word' id='word_1_219' title='bbox 468 3127 517 3167; x_wconf 92' lang='lat' dir='ltr'><strong>res</strong></span> <span class='ocrx_word' id='word_1_220' title='bbox 537 3108 668 3182; x_wconf 91' lang='lat' dir='ltr'><strong>diversa,</strong></span> <span class='ocrx_word' id='word_1_221' title='bbox 691 3107 745 3168; x_wconf 93' lang='lat' dir='ltr'><strong>sed</strong></span> <span class='ocrx_word' id='word_1_222' title='bbox 771 3108 832 3167; x_wconf 94' lang='lat' dir='ltr'><strong>illic</strong></span> 
     </span>
     <span class='ocr_line' id='line_1_35' title="bbox 43 3191 1034 3270; baseline -0.001 -16"><span class='ocrx_word' id='word_1_223' title='bbox 43 3194 197 3254; x_wconf 85' lang='lat' dir='ltr'><strong>Fortunae</strong></span> <span class='ocrx_word' id='word_1_224' title='bbox 221 3193 325 3253; x_wconf 84' lang='lat' dir='ltr'><strong>invidia</strong></span> <span class='ocrx_word' id='word_1_225' title='bbox 348 3201 393 3252; x_wconf 91' lang='lat' dir='ltr'><strong>est</strong></span> <span class='ocrx_word' id='word_1_226' title='bbox 411 3191 615 3270; x_wconf 88' lang='lat' dir='ltr'><strong>bellorumque</strong></span> <span class='ocrx_word' id='word_1_227' title='bbox 639 3191 753 3268; x_wconf 90' lang='lat' dir='ltr'><strong>ultima,</strong></span> <span class='ocrx_word' id='word_1_228' title='bbox 780 3209 863 3250; x_wconf 89' lang='lat' dir='ltr'><strong>casus</strong></span> <span class='ocrx_word' id='word_1_229' title='bbox 998 3198 1034 3253; x_wconf 79' lang='lat'><strong>95</strong></span> 
     </span>
     <span class='ocr_line' id='line_1_36' title="bbox 44 3275 751 3353; baseline -0.006 -15"><span class='ocrx_word' id='word_1_230' title='bbox 44 3276 198 3350; x_wconf 85' lang='lat' dir='ltr'><strong>Extremi,</strong></span> <span class='ocrx_word' id='word_1_231' title='bbox 223 3275 330 3353; x_wconf 86' lang='lat' dir='ltr'><strong>longae</strong></span> <span class='ocrx_word' id='word_1_232' title='bbox 354 3277 415 3336; x_wconf 91' lang='lat' dir='ltr'><strong>dira</strong></span> <span class='ocrx_word' id='word_1_233' title='bbox 442 3275 601 3337; x_wconf 93' lang='lat' dir='ltr'><strong>obsidionis</strong></span> <span class='ocrx_word' id='word_1_234' title='bbox 624 3284 751 3352; x_wconf 81' lang='lat' dir='ltr'><strong>egestas.</strong></span> 
     </span>
     <span class='ocr_line' id='line_1_37' title="bbox 44 3357 881 3439; baseline -0.006 -17"><span class='ocrx_word' id='word_1_235' title='bbox 44 3361 140 3422; x_wconf 88' lang='lat' dir='ltr'><strong>Huius</strong></span> <span class='ocrx_word' id='word_1_236' title='bbox 161 3361 251 3436; x_wconf 91' lang='lat' dir='ltr'><strong>enim,</strong></span> <span class='ocrx_word' id='word_1_237' title='bbox 275 3359 353 3439; x_wconf 89' lang='lat' dir='ltr'><strong>quod</strong></span> <span class='ocrx_word' id='word_1_238' title='bbox 376 3377 452 3419; x_wconf 92' lang='lat' dir='ltr'><strong>nunc</strong></span> <span class='ocrx_word' id='word_1_239' title='bbox 473 3360 582 3436; x_wconf 78' lang='lat' dir='ltr'><strong>agitur,</strong></span> <span class='ocrx_word' id='word_1_240' title='bbox 604 3359 770 3418; x_wconf 92' lang='lat' dir='ltr'><strong>miserabile</strong></span> <span class='ocrx_word' id='word_1_241' title='bbox 793 3357 881 3418; x_wconf 91' lang='lat' dir='ltr'><strong>debet</strong></span> 
     </span>
     <span class='ocr_line' id='line_1_38' title="bbox 44 3441 906 3522; baseline -0.006 -17"><span class='ocrx_word' id='word_1_242' title='bbox 44 3441 225 3522; x_wconf 81' lang='lat' dir='ltr'><strong>Exemplum</strong></span> <span class='ocrx_word' id='word_1_243' title='bbox 246 3461 314 3502; x_wconf 93' lang='lat' dir='ltr'><strong>esse</strong></span> <span class='ocrx_word' id='word_1_244' title='bbox 336 3442 410 3521; x_wconf 92' lang='lat' dir='ltr'><strong>cibi,</strong></span> <span class='ocrx_word' id='word_1_245' title='bbox 433 3444 509 3503; x_wconf 91' lang='lat' dir='ltr'><strong>sicut</strong></span> <span class='ocrx_word' id='word_1_246' title='bbox 532 3443 619 3504; x_wconf 93' lang='lat' dir='ltr'><strong>modo</strong></span> <span class='ocrx_word' id='word_1_247' title='bbox 646 3442 722 3503; x_wconf 93' lang='lat' dir='ltr'><strong>dicta</strong></span> <span class='ocrx_word' id='word_1_248' title='bbox 744 3441 811 3502; x_wconf 91' lang='lat' dir='ltr'><strong>mibi</strong></span> <span class='ocrx_word' id='word_1_249' title='bbox 832 3460 906 3520; x_wconf 77' lang='lat' dir='ltr'><strong>gens</strong></span> 
     </span>
    </p>
   </div>
   <div class='ocr_carea' id='block_1_3' title="bbox 43 3523 938 3607">
    <p class='ocr_par' dir='ltr' id='par_1_4' title="bbox 43 3523 938 3607">
     <span class='ocr_line' id='line_1_39' title="bbox 43 3523 938 3607; baseline -0.007 -16"><span class='ocrx_word' id='word_1_250' title='bbox 43 3529 120 3591; x_wconf 88' lang='lat' dir='ltr'><strong>Post</strong></span> <span class='ocrx_word' id='word_1_251' title='bbox 145 3542 246 3586; x_wconf 91' lang='lat' dir='ltr'><strong>omnes</strong></span> <span class='ocrx_word' id='word_1_252' title='bbox 271 3525 394 3604; x_wconf 89' lang='lat' dir='ltr'><strong>herbas,</strong></span> <span class='ocrx_word' id='word_1_253' title='bbox 416 3535 485 3607; x_wconf 92' lang='lat' dir='ltr'><strong>post</strong></span> <span class='ocrx_word' id='word_1_254' title='bbox 506 3536 609 3587; x_wconf 89' lang='lat' dir='ltr'><strong>cuncta</strong></span> <span class='ocrx_word' id='word_1_255' title='bbox 631 3526 779 3603; x_wconf 87' lang='lat' dir='ltr'><strong>animalia,</strong></span> <span class='ocrx_word' id='word_1_256' title='bbox 802 3523 938 3607; x_wconf 91' lang='lat' dir='ltr'><strong>quidquid</strong></span> 
     </span>
    </p>
   </div>
   <div class='ocr_carea' id='block_1_4' title="bbox 0 0 1234 4004">
    <p class='ocr_par' dir='ltr' id='par_1_5' title="bbox 0 0 1234 4004">
     <span class='ocr_line' id='line_1_40' title="bbox 0 0 1234 4004; baseline 0 0"><span class='ocrx_word' id='word_1_257' title='bbox 0 0 1234 4004; x_wconf 95' lang='lat' dir='ltr'><strong> </strong></span> 
     </span>
    </p>
   </div>
  </div>
 </body>
</html>
