2480 4006
245 271 281 326 14
565 275 600 322 D.
623 274 695 322 IUN.
718 273 903 322 luvnunms

241 417 379 496 Pauperis
403 415 450 475 hic
471 415 619 490 meritum,
639 417 663 472 si
686 423 768 472 curet
788 422 874 472 nocte
896 421 1013 488 togatus

242 499 384 575 Currere,
406 516 492 576 quum
512 507 631 576 praetor
653 498 785 558 lictorem
806 495 935 574 impellat
955 505 985 554 et
1005 497 1048 556 ire

240 585 433 663 Praecipitem
455 581 572 658 iubeat,
593 583 698 642 dudum
718 580 903 658 vigilantibus
926 579 1016 656 orbis,

240 667 284 728 Ne
307 669 388 746 prior
409 665 543 726 Albinam
567 675 595 725 et
618 664 743 725 Modiam
766 663 883 741 collega
906 661 1034 724 salutet?

239 752 343 812 Divitis
365 751 413 810 hic
435 752 513 808 servi
536 748 642 810 claudit
664 749 738 808 latus
760 749 950 824 ingenuorum
1064 803 1068 810 ,

240 835 346 903 Filium
370 833 446 894 alter
468 834 557 906 enim,
582 834 767 910 quantumin
791 833 909 909 legione
929 831 1035 892 tribuni

240 919 412 996 Accipiunt,
437 917 524 976 donat
547 913 683 976 Calvinae
703 915 753 975 vel
776 913 926 990 Catienae,

240 1002 277 1062 Ut
296 1001 389 1060 semel
423 1011 471 1061 ant
503 1001 607 1061 iterum
639 1017 727 1078 super
748 999 826 1058 illam
849 999 986 1077 palpitet:
1009 1009 1037 1060 at
1059 1009 1100 1077 tn,

241 1085 334 1158 Quum
355 1084 407 1144 tibi
425 1085 522 1142 vestiti
542 1083 634 1144 facies
657 1084 747 1142 scorti
765 1083 881 1160 placet,
905 1082 1011 1143 haeres

239 1168 277 1228 Et
298 1167 412 1228 dubitas
434 1167 492 1226 alta
515 1163 646 1226 Chionen
669 1166 816 1226 deducere
837 1166 921 1227 sella.

239 1253 284 1312 Da
306 1260 412 1310 testem
428 1249 537 1310 Romae
555 1259 612 1310 tam
631 1260 778 1325 sanctum,
801 1269 886 1330 quam
907 1251 960 1310 luit
981 1251 1091 1330 hospes

239 1335 368 1396 Numinis
391 1333 488 1409 Idaei,
510 1334 652 1412 procedat
672 1335 722 1394 vel
741 1333 833 1394 Numa
852 1335 902 1394 vel
926 1336 974 1413 qni

240 1419 374 1480 Servavit
394 1417 535 1496 trepidam
556 1418 687 1496 flagranti
707 1437 745 1478 ex
765 1419 838 1478 aede
860 1417 1033 1478 blinervarn:

239 1504 371 1564 Protinus
394 1503 430 1562 ad
451 1519 583 1570 oensnm;
607 1503 644 1562 de
665 1501 794 1562 moribus
816 1497 915 1562 ultima
937 1502 987 1562 liet

240 1587 395 1661 Quaestio:
421 1594 491 1663 quot
507 1587 600 1665 pascit
623 1583 747 1646 servos?
765 1596 836 1664 quot
856 1586 988 1664 possidet
1008 1587 1070 1663 agri

238 1667 365 1747 lugera'l
388 1687 472 1748 quam
490 1670 578 1730 multa
599 1687 761 1748 magnaque
784 1671 942 1748 paropside
965 1668 1090 1730 coenat‘l

241 1754 382 1827 Quantum
406 1753 529 1832 quisque
552 1771 603 1812 sua
626 1770 802 1812 nummorum
824 1763 923 1814 servat
942 1755 970 1812 in
992 1771 1070 1829 arca,

240 1837 360 1897 Tantum
382 1836 470 1896 habet
491 1845 520 1896 et
541 1836 623 1906 lidei;
646 1839 724 1896 iures
747 1837 817 1897 licet
840 1845 869 1896 et
890 1837 1109 1898 Samothracum

238 1920 275 1981 Et
295 1931 459 1980 nostrorum
481 1938 564 1997 aras,
589 1930 775 1981 contemnere
797 1921 914 1980 fulmina
936 1939 1048 1999 pauper

240 2003 374 2066 Creditur
392 2014 479 2082 atque
499 2005 589 2080 deos,
608 2005 651 2065 dis
673 2003 892 2082 ignoscentibus
914 2005 995 2082 ipsis.

239 2089 314 2162 Quid
334 2088 412 2166 quod
435 2090 583 2149 materiam
602 2089 724 2166 praebet
744 2105 906 2166 causasque
928 2089 1057 2148 iocorum

239 2171 376 2231 Omnibus
398 2171 445 2230 hic
467 2171 558 2247 idem,
580 2173 605 2230 si
625 2171 712 2232 foeda
736 2181 765 2231 et
787 2172 880 2232 scissa
902 2172 1030 2248 lacerna,

239 2255 269 2312 Si
291 2263 360 2331 toga
381 2254 529 2314 sordidula
549 2263 594 2314 est
617 2265 646 2314 et
667 2265 751 2333 rupta
771 2254 889 2315 calceus
910 2256 986 2316 alter

237 2337 320 2397 Pelle
342 2346 438 2415 patet,
459 2337 508 2396 vel
531 2339 555 2396 si
578 2348 698 2398 consuto
723 2339 843 2398 vnlnere
866 2357 993 2400 crassum

238 2421 335 2500 Atque
354 2437 460 2480 recens
482 2421 568 2480 linum
589 2422 714 2482 ostendit
736 2439 793 2481 non
816 2441 870 2483 una
892 2421 1034 2484 cicatrix?

237 2503 284 2564 Nil
304 2503 393 2564 habet
415 2504 518 2564 inielix
539 2515 696 2586 paupertas
718 2506 816 2566 durius
838 2509 866 2566 in
889 2526 932 2582 se,

239 2587 330 2662 Quam
353 2587 431 2667 quod
452 2588 591 2648 ridiculos
613 2589 744 2650 homines
765 2591 844 2652 lacit.
889 2590 1000 2667 Exeat,
1024 2592 1125 2670 inquit,

238 2673 269 2731 Si
291 2670 384 2750 pudor
407 2680 467 2748 est,
490 2681 518 2731 et
540 2673 576 2732 de
596 2673 713 2752 pulvino
735 2683 834 2752 surgat
856 2676 996 2754 equestri,
1085 2745 1090 2756 Ι

239 2753 327 2814 Cuius
348 2773 397 2814 res
418 2754 479 2833 legi
500 2773 558 2816 non
581 2757 704 2832 sufficit,
729 2767 759 2817 et
776 2759 897 2818 sedeant
917 2759 964 2818 hic
1177 2769 1217 2822 155

237 2839 384 2898 Lenonum
406 2841 489 2917 pueri
514 2857 697 2920 quocumque
716 2843 745 2900 in
767 2842 880 2903 fornice
899 2844 973 2908 nati;

237 2923 290 2982 llic
312 2922 430 3000 plaudat
450 2925 530 2984 nitidi
551 2926 706 3004 praeconis
727 2926 803 2985 lilius
823 2928 898 2986 inter

237 3006 381 3084 Pinnirapi
401 3009 494 3068 cultos
516 3009 637 3068 iuvenes
655 3009 834 3088 iuvenesque
856 3011 993 3070 lanistae:
1014 3073 1024 3090 ,

238 3089 287 3148 Sic
304 3088 412 3148 libitum
428 3108 518 3168 uano,
539 3092 588 3170 qui
609 3109 663 3152 nos
685 3093 829 3169 distinxit,
851 3091 966 3153 Othoni.

239 3171 309 3245 Quis
331 3191 424 3249 gener
443 3173 491 3234 hic
513 3175 622 3252 placuit
645 3195 734 3236 censu
755 3178 848 3237 minor
865 3187 952 3256 atque
972 3177 1091 3256 puellae
1178 3188 1215 3243 rot

238 3255 396 3315 Saroinnlis
419 3254 615 3338 imparl'quis
637 3278 749 3339 pauper
769 3261 903 3321 scribitur
925 3258 1034 3320 heres?

238 3337 359 3411 Quando
374 3341 408 3399 -in
430 3341 552 3402 consilio
571 3352 616 3402 est
637 3341 801 3404 aedilibus?
822 3345 937 3421 agmine
958 3345 1036 3404 lacto

237 3421 405 3484 Debuerant
425 3425 492 3484 olim
512 3435 615 3486 tenues
636 3429 778 3504 migrasse
801 3428 937 3501 Quirites.

237 3504 319 3566 llaud
338 3507 426 3568 iacile
451 3519 617 3588 emergunt,
641 3528 761 3590 quorum
781 3512 933 3572 virtutibus
956 3511 1053 3586 obstat
