2480 4006
473 253 681 306 PRAEFATIO.
963 257 1054 305 xxm

57 399 186 472 plurimis,
198 395 456 456 mercimonium.
469 403 494 452 et
500 395 608 468 hupert,
618 399 685 470 quasi
696 399 727 455 de
737 415 838 455 numero
845 415 952 466 casuum,
964 401 1054 456 nonde

59 482 203 556 frequentia
213 488 307 552 agatur,
315 495 452 554 quaequam
462 497 532 552 saepe
543 482 623 551 potius
634 481 755 553 postulem
768 498 847 555 neque
856 498 912 539 vasa
923 483 987 539 aliud
997 491 1053 540 sunt

59 583 92 622 ao
102 571 192 632 testae,
205 565 296 637 quassi
308 564 338 619 ad
349 565 461 619 imbrices
473 565 562 619 reterre
573 567 696 632 malueris,
708 565 753 620 hae
764 582 808 621 cur
817 574 891 622 nocte
901 567 1053 637 potissimum

60 651 162 714 cadant,
171 663 245 720 aegre
253 649 372 718 explicem
383 655 478 703 tantum
485 649 559 720 igitur
570 648 637 705 abest
648 656 675 705 ut
687 665 743 704 curn
750 649 1053 721 Rupertioetllansonede

59 732 267 806 tm'pliciperimlo
273 732 1052 805 cogiureltceat,pedmmuewombeslimmtnsmntomnia

59 817 92 872 ad
99 832 216 872 vasomm
224 831 293 871 casus
302 815 488 871 reserendasint.
499 845 535 858 —
544 815 595 872 Sat.
603 817 641 872 lV.
648 833 671 872 v.
679 818 785 876 boittoto
792 817 846 873 libri
858 833 955 880 omnesa
967 817 1052 874 mimo

60 900 162 956 lahnius
175 915 198 955 c.
209 899 356 955 Scholiasta:
375 900 454 954 miuus
469 907 552 963 acute:
564 901 692 957 cilliudic.
705 917 729 972 p.
738 905 804 960 8.-
814 901 842 957 V.
850 905 883 961 97
895 902 923 956 io
931 901 1051 958 milhem

60 984 167 1060 liupet
180 983 238 1040 hch.
252 998 307 1038 cum
318 983 385 1038 libris
402 983 535 1055 plerisque:
552 1001 604 1039 orm
614 985 710 1040 lahnius
721 1001 743 1041 c.
757 985 857 1040 Pithoeo
868 991 894 1040 et
904 985 1049 1044 lleioricbio.

60 1084 113 1123 non
120 1073 204 1124 autem
216 1082 271 1122 cum
278 1066 417 1136 Pithoeano,
429 1068 454 1121 in
461 1083 508 1138 quo
515 1068 599 1124 lacuna
610 1070 690 1138 potius
700 1069 800 1124 duarum
805 1069 929 1124 literarum
937 1076 988 1134 erm
999 1086 1050 1124 um

60 1153 142 1224 igitur
153 1152 219 1206 omni
231 1151 372 1206 auctoritate
383 1157 457 1206 caret.
467 1179 503 1190 —
513 1151 540 1206 V.
548 1158 600 1210 120
607 1153 634 1206 io
644 1153 735 1208 loemm
740 1154 817 1226 vulg,
829 1170 857 1208 m
865 1154 957 1209 laevom
966 1152 1049 1215 lobna

61 1242 87 1290 at
95 1237 121 1291 io
129 1234 193 1290 Pith.
204 1240 241 1290 est
250 1235 323 1300 locum
331 1235 523 1306 quodadloeoom
529 1237 651 1292 remittere
661 1237 808 1292 dixiVindic.
819 1241 877 1308 p.8.
887 1265 923 1277 —
933 1235 985 1292 Sat.
991 1237 1018 1293 V.
1025 1252 1048 1293 v.

61 1318 1049 1393 51,quemlauniusc.1>inzger0etHetnnchiodannavtainterpungenoosalmn

61 1403 216 1474 praestitisse
226 1403 322 1465 videam
341 1404 382 1474 qui
392 1409 419 1458 ut
430 1403 513 1458 abesse
523 1405 611 1474 possit,
624 1406 713 1460 omisso
723 1411 804 1460 tamen
814 1405 978 1460 membrorum
990 1420 1048 1460 cou-

61 1477 167 1542 ciouitas
190 1487 365 1550 debilitabitur,
384 1501 445 1558 quac
461 1487 534 1542 alima
551 1505 637 1562 aquom
655 1504 705 1544 uno
726 1488 878 1543 hemistichia
901 1488 992 1543 absolvi
1007 1488 1048 1542 vix

62 1572 131 1626 sinit.
160 1571 211 1626 hlia
223 1587 294 1626 causa
313 1577 350 1626 est
359 1586 382 1626 v.
394 1574 437 1638 91,
450 1586 520 1642 quem
532 1572 584 1642 ipse
598 1571 744 1628 Pithoeanus
753 1573 864 1644 ignaram
878 1578 902 1626 at
912 1572 950 1626 vel
959 1587 982 1628 v.
995 1573 1048 1629 140

62 1655 174 1726 quamvis
190 1654 310 1710 elumbem
327 1660 352 1708 et
370 1655 400 1710 ad
417 1654 506 1709 leonini
522 1657 627 1726 speciem
639 1656 800 1727 compositum
813 1656 834 1710 si
845 1669 901 1710 cunr
913 1654 994 1710 lahuio
1004 1670 1048 1710 ex·

61 1737 167 1809 pulcris,
182 1739 287 1794 hiulcam
304 1738 436 1794 orationem
454 1739 552 1804 leceris,
568 1755 615 1795 nec
634 1741 714 1795 minus
730 1741 778 1794 loci
796 1740 930 1795 communis
947 1741 985 1794 ius
1002 1740 1047 1794 erit

62 1837 137 1894 quam
143 1821 194 1878 v11.
207 1823 362 1881 libroruin
372 1822 559 1894 tmcisomodie
565 1840 664 1896 ponam
676 1824 739 1895 quod
751 1825 772 1878 si
782 1825 887 1878 maxime
896 1824 964 1879 illum
974 1823 1045 1878 scribi

64 1922 77 1960 a
89 1906 201 1960 iuvenale
212 1907 319 1976 potuisse
330 1907 470 1978 negaveris,
489 1907 561 1961 alium
571 1908 652 1976 potios
663 1922 734 1978 quam
745 1906 838 1960 nullum
848 1906 878 1960 ab
889 1921 919 1960 eo
929 1907 1046 1976 scriptum

65 2003 120 2043 esse
131 1991 268 2046 concedam.
301 1989 358 2046 llox
369 2005 465 2061 quoque
481 2005 505 2044 v.
519 1995 567 2046 141
579 1989 689 2062 Mppolen
699 1989 824 2045 Pithoeaui
834 2005 879 2060 pro
890 1987 981 2061 ldpcole
990 1989 1044 2044 ideo

65 2073 165 2137 retinui,
184 2075 237 2144 quia
256 2088 340 2129 verum
356 2087 445 2129 nomen
455 2075 555 2146 ignoro,
568 2075 632 2146 quod
643 2074 706 2129 haud
721 2075 772 2129 scio
784 2089 813 2128 au
824 2073 941 2128 luvenalis
960 2073 1045 2128 eodem

64 2157 138 2212 modo
144 2172 192 2229 quo
196 2158 324 2230 pmoalnm
331 2156 466 2212 Ammnea
476 2167 548 2228 poeta
557 2158 695 2230 aequalibus
701 2164 760 2213 noto
769 2157 912 2228 sumpserim
923 2157 1045 2227 cormmpi

64 2247 145 2295 tamen
158 2241 231 2296 etiam
242 2243 360 2313 optimum
371 2241 479 2296 codicem
490 2243 515 2297 io
525 2243 579 2298 loco
590 2241 759 2298 obscurissimo
770 2241 877 2312 potuisse
888 2256 960 2297 nemo
971 2242 1044 2296 mira·

65 2325 129 2379 bitur
140 2324 243 2396 ideoque
253 2341 347 2381 rursum
356 2341 380 2380 v.
395 2329 445 2382 142
456 2327 580 2396 domlpro
591 2325 662 2381 renel
671 2333 695 2380 et
704 2341 727 2382 v.
744 2325 951 2383 145=odmmaom
962 2340 1005 2395 pro
1016 2341 1046 2380 ee

65 2425 297 2480 murmurares
312 2411 354 2465 illo
365 2409 460 2464 lahnius
472 2411 568 2475 ascivit,
585 2411 615 2465 ad
631 2411 782 2480 superiorum
800 2409 922 2479 exemplar
932 2421 1044 2463 revocare

65 2508 113 2546 non
124 2491 244 2558 dubitari,
264 2493 318 2564 quia
334 2493 382 2550 hoc
392 2493 430 2548 vel
447 2495 499 2549 sine
509 2495 654 2566 reliquomm
668 2495 780 2549 codicum
794 2508 913 2548 consensu
923 2493 974 2563 ipsa
989 2507 1044 2546 sen·

65 2577 139 2630 tentia
148 2583 261 2646 praestat.
293 2575 371 2632 Smnel
381 2583 447 2632 certe
456 2593 500 2649 pro
523 2577 637 2633 aiondita
646 2584 740 2634 tantum
750 2578 831 2634 locum
841 2577 927 2642 habet,
943 2582 971 2631 ut
980 2575 1045 2631 eius·

67 2660 120 2713 dem
129 2660 164 2714 rei
181 2660 275 2716 iteratio
287 2661 441 2725 excludatur,
458 2669 486 2716 ut
498 2661 524 2717 in
539 2663 653 2732 exemplis
663 2662 726 2732 apud
737 2661 816 2720 Beotl.
828 2661 858 2716 ad
870 2661 953 2715 liorat.
964 2657 1042 2716 Serm.

67 2741 96 2798 ll.
107 2745 132 2800 8.
144 2745 193 2807 aa;
210 2751 292 2800 nostra
302 2751 382 2800 autem
392 2745 488 2818 Mygale
500 2746 572 2800 ctiam
581 2753 637 2816 post
652 2746 795 2817 trigeminos
807 2745 865 2798 alios
879 2749 962 2813 partus
973 2743 1044 2796 cdere

66 2832 171 2896 poteram
182 2842 229 2882 nec
244 2843 352 2884 mensam
363 2829 442 2884 afferri
452 2829 549 2885 demum
560 2845 603 2900 par
613 2834 662 2892 est,
675 2828 717 2883 ubi
727 2828 805 2882 iulans
812 2827 936 2898 perosius
947 2825 996 2880 hoc
1006 2833 1044 2880 ast

67 2910 95 2964 ad
109 2925 208 2965 coenam
219 2913 296 2977 venit,
309 2921 337 2968 ut
347 2915 442 2968 mittam
452 2928 549 2968 mensae
565 2928 621 2967 cum
633 2911 734 2966 nucibus
745 2917 770 2964 et
781 2925 833 2965 asse
843 2924 928 2980 pamm
938 2908 1044 2963 necessi·

66 2994 152 3049 tudinis
162 2995 325 3059 intercedcrc;
342 3013 407 3052 nunc
416 2997 492 3070 igitur
505 2997 583 3052 donec
592 2995 716 3051 Pithoeaui
726 2995 856 3050 auctoritas
867 2992 994 3048 commoda
1006 2992 1043 3046 in·

67 3079 236 3148 terpretationc
245 3079 367 3150 firmetur,
380 3081 524 3137 deteriorem
534 3080 649 3136 familiam
658 3093 741 3134 verum
752 3093 859 3133 servasse
870 3077 979 3134 arbitror.

146 3162 235 3222 Libll.
243 3163 293 3219 Sat.
300 3164 338 3222 Vl.
344 3180 368 3219 v.
375 3169 418 3232 28,
428 3165 496 3220 cuius
503 3179 586 3220 versus
595 3164 660 3234 prior
668 3178 723 3234 pars
733 3162 854 3234 languida,
862 3160 981 3232 posterior
990 3160 1043 3230 pin·

67 3246 149 3317 puiset
160 3247 236 3302 otiosa
247 3254 292 3315 est,
304 3256 444 3320 suspectum
453 3247 513 3303 mihi
521 3263 574 3303 csse
583 3263 632 3303 non
640 3247 708 3318 potui
717 3261 764 3301 noo
772 3245 921 3318 significum
931 3244 1043 3300 fidentius

67 3336 142 3385 autem
153 3346 239 3386 moxv.
246 3335 281 3390 36
291 3347 345 3387 mea
353 3334 491 3388 coniectura
503 3349 545 3403 pro
556 3332 607 3388 illic
616 3329 793 3402 scripsibilla‘si.
801 3345 822 3386 e.
830 3329 961 3397 intestinis,
971 3341 1043 3400 quam

67 3429 146 3470 vocem
156 3416 187 3470 ad
198 3415 274 3485 ipsam
285 3417 475 3486 paedieationem
486 3418 557 3472 ctiam
567 3416 681 3471 laberius
691 3414 774 3470 retulit
783 3419 846 3469 teste
854 3413 932 3469 Nonio
942 3427 968 3484 p.
977 3417 1043 3475 122:

67 3497 123 3553 adde
138 3499 231 3554 circeo
248 3501 310 3570 apud
326 3507 436 3556 oostmm
453 3501 550 3558 11143.
583 3499 724 3556 liunuscula
741 3500 805 3554 enim
821 3498 930 3552 universe
941 3509 1042 3550 curren

68 3581 134 3637 etiam
144 3597 205 3653 puer
217 3584 305 3656 erigat,
319 3599 392 3658 aegre
401 3585 502 3648 dixerim
513 3599 578 3638 nunc
589 3590 669 3639 autem
680 3584 711 3639 de
721 3583 788 3640 coitu
798 3583 886 3655 agitur,
898 3594 969 3652 quem
979 3591 1042 3632 uxor
