2480 4006
440 292 565 340 SATntA
587 293 624 340 11.

21 431 184 507 Libertas,
207 439 237 490 ct
258 431 337 491 crine
360 449 453 491 senex
471 432 611 492 lunaticus
633 430 700 492 albo
857 469 859 474 .

21 517 190 576 Sacrorum
212 515 347 590 antistes,
368 532 463 575 rarunr
485 533 521 576 ac
538 513 728 576 memorabile
749 518 844 593 magni

24 599 161 661 Gutturis
184 598 349 677 exemplum
373 599 638 678 conducendusque
657 599 805 676 magister.

24 683 106 757 Quid
122 691 220 743 tamen
235 690 425 761 exspectant,
448 683 575 760 Phrygio
592 700 665 763 quos
683 691 797 761 tempus
813 692 874 744 erat
891 684 946 744 ianr
975 695 1025 748 115

22 767 114 827 blore
140 783 351 845 supervacuam
372 767 472 828 cultris
495 767 669 845 abrumpere
693 763 830 826 carnem?

25 850 253 927 Quadringenta
276 850 355 912 dedit
373 849 521 912 Gracchus
545 851 680 910 sestertia
702 849 799 910 dotem

25 933 200 1010 Cornicini,
224 934 286 993 sire
309 933 356 993 hic
378 944 460 994 recto
480 943 648 994 cantaverat
668 951 755 994 aere:

26 1019 173 1096 signatae
195 1016 332 1090 tabulac3
356 1017 461 1077 dictum
483 1015 636 1078 Feliciter!
659 1019 762 1095 ingens

27 1100 135 1162 Coena
158 1101 256 1175 sedct3
278 1101 391 1178 gremio
409 1102 497 1162 iacuit
518 1119 593 1162 nova
615 1110 703 1180 nupta
724 1101 827 1160 mariti.
974 1112 1025 1164 120

28 1185 53 1245 0
76 1203 242 1266 proceres,
265 1202 390 1244 censore
412 1202 486 1263 opus
505 1194 549 1246 est
568 1204 604 1246 an
625 1184 781 1263 haruspice
804 1181 912 1244 nobis?

29 1271 156 1330 Scilicet
176 1268 316 1330 horreres
333 1270 500 1352 maioraque
522 1279 649 1330 monstra
671 1277 801 1347 putares,

29 1356 61 1414 Si
85 1353 193 1414 mulier
212 1353 331 1413 vitulum
350 1352 399 1413 uel
421 1355 445 1412 si
467 1351 522 1412 bos
545 1354 647 1414 ederet
666 1347 792 1430 agnum?

30 1440 193 1516 Segrnenta
215 1445 244 1496 et
265 1437 372 1513 longos
391 1435 504 1497 babitus
527 1447 556 1497 et
578 1437 709 1498 ilamrnca
729 1435 823 1511 sumit,

29 1521 152 1581 Arcano
172 1521 220 1599 qui
243 1537 326 1580 sacra
347 1519 446 1580 ferens
465 1522 590 1581 nutantia
617 1520 682 1580 loro

31 1604 154 1664 Sudavit
187 1603 291 1682 clipeis
314 1602 464 1664 ancilibus.
510 1601 640 1682 Opater
658 1602 748 1678 urbis,

30 1687 117 1748 Unde
139 1686 224 1748 nefas
243 1695 349 1747 tantum
372 1684 458 1746 Latiis
479 1683 664 1765 pastoribus?
687 1687 763 1746 undo

31 1771 115 1831 llaec
137 1771 247 1848 tetigit,
269 1768 410 1846 Gradive,
433 1780 498 1831 tuos
520 1771 612 1830 urtica
633 1768 780 1849 nepotesl

33 1855 169 1915 Traditur
192 1871 266 1914 ecce
287 1857 350 1914 viro
374 1853 469 1916 clarus
491 1872 603 1932 genere
626 1864 711 1933 atque
735 1854 839 1934 opibus
860 1855 918 1912 vir:

33 1937 99 1998 Nec
120 1937 235 2016 galcam
257 1955 394 2016 quassas,
419 1957 475 1998 nec
497 1947 604 1998 terram
628 1937 747 2016 cuspide
770 1937 880 2016 pulsas,

33 2021 99 2082 Nec
122 2023 255 2102 quereris
275 2018 370 2100 patri?
392 2022 467 2082 vade
487 2038 559 2098 ergo
579 2029 608 2080 et
631 2021 704 2080 cede
727 2021 825 2080 severi

34 2103 188 2183 Iugeribus
211 2106 322 2184 campi,
344 2123 429 2186 quern
451 2105 603 2184 neglegis!
615 2133 659 2150 «ι-
677 2101 809 2163 Olliciurn
832 2119 896 2162 cras

35 2191 130 2250 Primo
152 2189 216 2249 sole
236 2189 303 2248 milri
326 2189 524 2267 peragendum
546 2190 574 2248 ln
591 2188 670 2249 valle
694 2188 812 2261 Quirini.

36 2273 118 2347 Quae
142 2290 228 2333 causa
251 2269 361 2332 oflicii?
383 2273 450 2352 quid
473 2271 610 2352 quaeris?
636 2271 715 2332 nubit
737 2274 855 2346 unicus,

35 2355 99 2416 Nec
120 2356 226 2416 multos
243 2355 524 2417 adhibet—Liceat
536 2357 623 2417 modo
637 2357 756 2417 vivere:
779 2356 858 2431 lient,
977 2364 1024 2418 135
1046 2387 1049 2394 ν

35 2438 119 2500 Fient
138 2441 193 2501 ista
217 2440 329 2518 palam,
353 2441 469 2520 cupient
492 2449 521 2500 et
544 2441 572 2499 in
595 2449 659 2500 acta
679 2439 795 2500 referri.

35 2523 150 2584 lnterea
172 2532 343 2584 tormenturn
364 2525 467 2601 ingens
485 2523 658 2584 nubentibus
679 2523 791 2600 haeret,

38 2608 122 2682 Quod
142 2617 287 2687 nequeant
306 2625 412 2686 parere
434 2617 464 2667 et
485 2617 568 2686 parto
588 2609 715 2668 retinere
737 2608 872 2678 maritos;

38 2692 97 2752 Sed
119 2691 238 2766 melius,
261 2691 339 2770 quod
360 2692 400 2752 nil
417 2692 516 2751 animis
538 2693 713 2770 incorpora
736 2692 805 2751 iuris

38 2774 144 2836 Natura
164 2775 311 2853 indulget:
336 2775 453 2836 steriles
474 2777 642 2849 moriuntur,
670 2783 699 2833 et
720 2774 779 2834 illis

39 2858 163 2937 'lurgida
183 2876 241 2919 non
258 2859 382 2938 prodest
404 2859 518 2920 condita
541 2859 649 2938 pyxide
671 2855 761 2932 Lyde,

39 2943 102 3002 Nec
123 2943 242 3022 prodest
263 2943 333 3020 agili
350 2943 462 3022 palmas
482 2943 628 3022 praebere
662 2945 795 3019 luperco.

40 3027 115 3086 Vicit
134 3035 162 3087 et
184 3027 242 3087 hoc
261 3037 419 3087 monstrum
442 3027 560 3087 tunicati
581 3027 692 3086 fuscina
715 3022 850 3100 Gracchi,

41 3110 235 3191 lustravitque
255 3110 324 3188 luga
346 3111 470 3172 mediam
488 3111 632 3188 gladiator
653 3126 781 3184 arenam,

41 3193 76 3252 Et
99 3191 268 3272 Capitolinis
291 3196 468 3272 generosior
490 3195 534 3274 [et
555 3192 703 3254 hlarcellis
976 3197 1026 3252 145

42 3275 77 3335 llt
98 3273 188 3337 Catuli
212 3277 354 3356 Paulique
384 3278 554 3356 minoribus}
577 3287 606 3337 et
626 3274 725 3336 Fabiis
744 3284 773 3335 et

44 3358 173 3421 Onrnibns
196 3362 232 3422 ad
252 3363 368 3440 podium
391 3361 607 3442 spectantibus,
633 3360 678 3420 his
700 3360 771 3420 licet
793 3360 885 3438 ipsum

46 3443 220 3522 ddnoveas,
244 3447 325 3506 cuius
346 3456 413 3506 tunc
434 3463 555 3506 munero
577 3445 650 3504 retia
671 3444 756 3504 misit.

81 3527 154 3590 Esse
176 3528 292 3608 aliquos
312 3548 411 3590 manes
435 3538 464 3590 et
486 3528 674 3590 subterranea
695 3545 786 3606 regna
