2460 4004
206 261 245 320 54
528 271 563 317 1).
586 270 658 316 ruu.
680 267 866 316 ruveunms

205 411 270 472 Non
292 427 367 489 quae
388 417 512 468 ventoso
536 409 678 470 conducta
697 408 749 468 sub
771 423 881 484 aggere
901 405 983 464 texit.

206 495 268 555 Vos
290 493 430 568 humiles,
451 493 563 570 inquis,
584 493 664 569 vulgi
686 511 754 570 pars
777 491 872 550 ultima
895 491 996 566 nostri,

207 578 335 653 Quorum
355 593 439 636 nemo
462 585 549 654 queat
571 578 691 655 patriam
714 583 874 634 monstrare
897 575 1042 651 parentis:

206 662 260 722 Ast
283 678 339 739 ego
362 658 556 738 Cecropides!
565 696 600 706 -
614 660 703 719 Vives
717 670 746 720 et
761 660 880 737 originis
895 657 978 717 huius

207 745 315 806 Gaudia
333 745 421 822 longa
439 744 534 803 ieras:
557 752 652 802 tamea
673 745 728 803 ima
750 742 839 820 plebe
860 739 1000 814 Quiritem

205 828 370 889 Facundum
391 828 537 895 inveniam
561 825 637 885 solet
658 826 706 886 hic
728 826 889 885 defendere
913 842 1016 884 causas

206 912 320 973 Nobilis
341 911 463 978 indocti;
487 910 565 969 venit
585 919 614 968 et
636 910 673 969 de
695 909 784 987 plebe
807 917 917 985 togata,

207 995 262 1068 our
280 995 349 1054 iuris
370 993 464 1053 nodos
485 1002 514 1052 et
534 994 631 1070 legum
654 995 814 1070 aenigmata
836 991 938 1052 solvat.

206 1077 260 1138 Hic
283 1079 355 1156 petit
373 1075 542 1155 Euphraten
561 1079 673 1136 iuvenis
694 1077 851 1155 domitique
873 1075 973 1135 Batavi

208 1159 353 1220 Custodes
375 1161 503 1238 aquilas,
527 1163 613 1220 armis
635 1161 803 1220 industrius:
824 1169 852 1218 at
874 1168 902 1217 tu

206 1243 253 1305 Nil
275 1245 330 1303 nisi
352 1241 533 1322 Cecropides
553 1253 714 1322 truncoque
740 1244 898 1304 simillimus
920 1240 1055 1301 Hermae.

206 1327 294 1388 Nullo
318 1329 426 1406 quippe
447 1327 505 1388 alio
525 1329 618 1388 vincis
641 1328 821 1404 discrimine,
845 1343 929 1404 quarn
950 1325 1027 1404 quod

206 1411 252 1472 llli
272 1428 462 1471 marmoreum
486 1421 571 1489 caput
594 1421 655 1488 est,
678 1421 726 1472 tua
748 1412 818 1471 vivit
839 1412 945 1486 imago.

206 1495 262 1555 Dic
283 1495 366 1571 mihi,
391 1494 568 1555 Teucrorum
589 1496 707 1574 proles,
727 1495 858 1554 animalia
878 1501 954 1552 muta

208 1578 279 1652 Quis
297 1595 444 1656 generosa
466 1588 564 1657 patet,
584 1581 639 1639 nisi
659 1576 765 1638 fortia?
784 1595 889 1656 nempe
911 1575 1062 1638 volucrem

208 1664 257 1722 Sic
276 1662 423 1722 laudamus
443 1680 565 1740 equum,
589 1663 668 1722 lacili
691 1665 736 1722 cui
756 1663 877 1740 plurima
899 1659 993 1738 palma

207 1744 316 1805 Fervet
339 1755 368 1804 et
389 1745 513 1806 exsultat
534 1763 623 1805 rauco
642 1747 763 1805 victoria
787 1747 877 1804 circo.

207 1828 321 1889 Nobilis
343 1829 406 1904 hic,
428 1847 610 1909 quocumque
631 1831 709 1889 venit
731 1829 767 1889 de
788 1829 928 1906 gramine,
952 1828 1032 1887 cuius

209 1911 295 1973 Clara
317 1912 386 1991 fuga
408 1922 473 1973 ante
494 1913 567 1973 alios
588 1923 618 1973 et
639 1915 746 1992 primus
769 1915 797 1972 in
820 1929 949 1990 aequore
971 1911 1083 1989 pulvis3

209 1997 268 2057 Sed
285 1997 389 2057 venale
411 2015 502 2076 pecus
525 1994 691 2076 Coryphaei
715 1998 870 2076 posteritas
892 2005 921 2055 et

208 2080 336 2158 Hirpini,
359 2082 383 2140 si
404 2099 470 2141 rara
491 2082 559 2158 iugo
582 2083 705 2141 victoria
726 2082 810 2141 sedit.

209 2164 255 2223 Nil
277 2165 316 2223 ibi
338 2165 476 2224 maiorum
497 2174 666 2242 respectus,
690 2167 783 2243 gratia
804 2165 882 2224 nulla

208 2246 396 2320 Umbrarum;
419 2247 551 2307 dominos
573 2249 674 2325 pretiis
696 2258 805 2308 mutare
822 2248 955 2307 iubentur
1165 2257 1193 2309 65

209 2329 330 2408 Exiguis
354 2333 421 2390 trito
444 2339 474 2389 et
495 2331 601 2391 ducunt
623 2331 754 2410 epiredia
778 2332 855 2391 collo

210 2414 395 2493 Segnipedes
417 2413 553 2492 dignique
575 2415 680 2475 molam
700 2433 821 2476 versare
843 2424 976 2494 nepotes.

209 2498 308 2575 Ergo,
331 2506 361 2556 ut
383 2499 518 2558 miremur
538 2507 584 2574 te,
607 2515 664 2558 nou
686 2509 750 2575 tua,
772 2501 883 2578 privum
901 2495 1008 2575 aliquid
1030 2497 1078 2573 da,

211 2580 296 2655 Quod
317 2583 426 2659 possim
450 2581 538 2641 titulis
560 2583 689 2643 incidere
711 2593 830 2662 praeter
851 2583 990 2656 honores,

211 2665 291 2737 Quos
313 2665 371 2724 illis
393 2665 492 2725 damus
515 2684 550 2726 ac
571 2668 716 2744 dedimus,
741 2667 844 2747 quibus
868 2667 962 2726 omnia
983 2662 1088 2724 debes.
1168 2672 1196 2726 lo

251 2747 332 2809 Haec
351 2751 419 2810 satis
439 2750 475 2810 ad
495 2751 644 2827 iuvenem,
666 2770 751 2830 quem
769 2751 857 2816 nobis
873 2750 948 2810 lama
971 2747 1132 2826 superbum

210 2831 309 2892 Tradit
332 2841 361 2892 et
382 2833 507 2894 inflatum
529 2835 701 2915 plenumque
724 2835 840 2895 Nerone
864 2835 1037 2912 propinquo.

209 2914 303 2976 Rarus
325 2918 399 2976 enim
421 2917 513 2980 ferme
535 2939 638 2979 sensus
658 2921 814 2978 communis
837 2919 864 2976 in
884 2918 933 2977 illa

209 2999 351 3068 Fortunam
370 3001 423 3061 sed
442 3010 471 3061 te
495 3005 610 3064 censeri
632 3003 717 3062 laude
739 3013 862 3077 tuorum,

210 3082 346 3160 Pontice,
371 3085 512 3146 noluerim
535 3088 577 3146 sic
599 3095 630 3145 ut
650 3086 719 3144 nihil
741 3087 805 3163 ipse
828 3087 940 3144 suturae
1169 3092 1197 3145 75

210 3165 314 3226 Laudis
338 3186 419 3245 agas.
463 3168 599 3229 Miserum
621 3177 666 3228 est
691 3168 811 3228 aliorum
831 3167 999 3228 incumbere
1022 3166 1133 3243 lamae,

210 3248 255 3308 Ne
278 3251 409 3329 collapsa
431 3263 513 3311 ruant
535 3252 683 3311 subductis
705 3260 782 3312 tecta
804 3253 955 3312 columnis.

211 3334 323 3394 Stratus
345 3335 421 3393 hurni
443 3335 555 3412 palmes
575 3335 676 3394 viduas
697 3335 844 3395 desiderat
861 3331 963 3395 ulmos.

210 3413 282 3476 Esto
304 3417 397 3477 bonus
418 3418 512 3494 miles,
535 3427 612 3478 tutor
633 3419 742 3495 bonus,
765 3419 875 3480 arbiter
894 3419 971 3478 idem

210 3498 345 3576 integer:
367 3501 519 3578 ambiguae
543 3503 567 3562 si
590 3503 703 3582 quando
728 3503 857 3563 citabere
880 3501 964 3560 testis
1170 3507 1198 3563 tt
