2460 4004
207 282 267 343 100
535 292 570 340 o.
586 293 657 340 run.
676 291 860 340 ruvsnums

205 435 255 494 Sic
279 432 381 512 aliquis
404 433 505 492 merito
525 432 650 492 nondum
672 431 769 491 ebrius
793 439 823 491 et
845 431 988 491 minimum
1009 432 1059 510 qui

205 516 251 576 De
272 513 440 590 Corcyraea
462 525 599 575 temetum
623 515 745 576 duxerat
765 533 849 582 uma;
1160 525 1185 580 25

206 600 293 660 Solus
315 601 390 658 enim
403 598 478 660 baec
491 598 605 659 Ithacus
628 600 707 660 nullo
730 598 782 658 sub
804 607 881 658 toste
904 597 1037 657 canebat.

206 683 268 742 Nos
292 682 420 743 miranda
445 683 576 762 quidem,
601 683 654 743 sed
677 701 770 761 nuper
791 681 912 741 consule
936 681 1025 740 lunco

208 767 297 828 Gesta
319 785 409 844 snper
431 766 542 826 calidae
565 767 727 826 referemus
748 767 863 826 moenia
885 762 983 842 Oopti,

206 850 267 910 llos
289 849 370 928 vulgi
393 850 491 910 scelus
515 859 544 909 et
567 852 676 910 cunctis
698 851 834 928 graviora
857 849 1013 909 cothurnis.
1216 842 1217 888 l

206 932 278 994 Nam
294 934 407 1007 scelus,
427 933 565 1008 a·Pyrrha
584 952 754 1013 quamquam
774 934 867 993 omnia
887 941 1012 1007 syrmata
1032 932 1186 1008 volvas,3l

206 1016 308 1076 Nullus
332 1017 407 1095 apud
429 1019 558 1093 tragicos
581 1017 706 1096 populus
729 1017 814 1086 lacit;
838 1017 959 1095 accipe,
984 1024 1087 1075 nostro

206 1099 276 1160 Dira
299 1100 377 1179 quod
397 1100 561 1178 exemplum
583 1101 684 1161 feritas
707 1101 877 1179 produxerit
897 1117 982 1159 aevo.

249 1183 328 1244 lnter
354 1183 594 1244 finitimosvctus
621 1195 708 1262 atque
734 1185 849 1262 antiqua
873 1183 1012 1258 simultas,

207 1267 371 1327 immortale
398 1267 493 1327 odium
516 1277 545 1326 et
567 1286 717 1346 numquam
741 1267 871 1328 sanabile
892 1267 996 1327 vulnus
1216 1332 1217 1337 ἵ

207 1350 301 1411 Ardet
322 1349 431 1426 adbuc,
456 1348 564 1410 Ombos
590 1362 619 1412 et
641 1350 777 1429 Tentyra.
811 1351 942 1410 Summus
964 1350 1109 1428 utrimque
1158 1359 1186 1412 bt
1216 1350 1217 1363 ³

207 1434 278 1494 lndc
297 1434 378 1494 furor
399 1434 506 1511 vulgo,
528 1433 604 1513 quod
623 1437 735 1496 numina
762 1435 921 1494 vicinorum

209 1516 275 1577 Odit
300 1527 422 1597 uterque
445 1517 546 1594 locus,
571 1537 657 1599 quum
679 1519 761 1579 solos
786 1518 886 1579 credat
908 1516 1060 1577 habendos

208 1600 285 1660 Esse
308 1601 395 1677 deos,
420 1618 493 1679 quos
515 1605 579 1680 lpse
603 1602 681 1662 colit.
715 1602 775 1664 Sed
795 1611 928 1680 ternpore
950 1601 1027 1660 festo

208 1684 338 1744 Alterius
361 1684 462 1762 populi
484 1685 622 1762 rapienda
646 1688 763 1745 occasio
788 1686 899 1745 cunctis

208 1765 278 1827 Visa
300 1769 478 1826 inimicorum
499 1769 673 1846 primoribus
695 1787 730 1829 ac
753 1768 889 1845 ducibus,
914 1785 951 1827 nc
1157 1777 1187 1828 lo
1218 1773 1219 1788 ¹

210 1850 326 1912 Laetum
348 1851 527 1929 hilaremque
549 1851 641 1928 diem,
665 1871 702 1912 ne
725 1870 848 1930 magnae
867 1851 972 1929 gaudia
993 1870 1108 1913 coenae

210 1935 371 2011 Sentirent,
394 1936 498 2013 positis
519 1935 556 1996 ad
579 1935 686 2016 templa
710 1945 739 1996 et
761 1936 886 2014 compita
907 1937 1015 1995 mensis

209 2017 404 2097 Pervigilique
429 2028 511 2095 toro,
535 2037 620 2097 quern
645 2029 732 2080 nocte
756 2039 790 2080 ac
813 2019 879 2078 luce
902 2019 1045 2079 iacentem
1219 2000 1220 2058 l

210 2104 354 2179 Septimus
376 2103 517 2162 interdum
540 2103 586 2163 sol
607 2105 723 2163 invenit.
752 2102 876 2162 llorrida
898 2120 968 2162 sane

209 2186 380 2262 Aegyptus,
408 2185 460 2244 sed
486 2186 614 2262 luxuria,
638 2196 771 2265 quantum
796 2188 862 2264 ipse
884 2188 991 2263 notavi,
1159 2196 1187 2248 lb
1218 2196 1219 2201 ’

208 2267 335 2326 Barbara
358 2267 469 2326 lamoso
493 2285 550 2328 non
573 2269 650 2329 cedit
671 2269 754 2330 turba
779 2267 910 2348 Canopo.

210 2350 310 2425 Adde,
338 2351 415 2428 quod
438 2351 581 2412 etfacilis
603 2355 725 2414 victoria
747 2353 783 2414 de
806 2352 925 2413 madidis
950 2363 980 2412 et

209 2433 322 2492 Blaesis
347 2443 433 2511 atquc
456 2453 537 2494 mero
559 2436 761 2496 titubantibus:
783 2437 850 2496 inde
872 2437 1000 2497 virorum

211 2516 336 2576 Saltatus
359 2519 442 2595 nigro
464 2517 599 2594 tibicine,
622 2520 843 2600 qualiacumque

209 2600 362 2677 Unguenta
387 2611 416 2660 et
438 2601 527 2662 flores
548 2603 713 2685 multaeque
735 2607 764 2664 in
784 2605 879 2664 fronte
903 2619 1047 2671 coronae;
1162 2615 1191 2668 50

209 2682 281 2742 llinc
307 2685 430 2744 ieiunum
455 2685 559 2746 odium.
593 2688 652 2748 Sed
676 2690 768 2765 iurgia
790 2689 879 2766 prima
902 2703 1008 2746 sonare

209 2767 351 2845 Incipiunt
376 2771 473 2828 animis
497 2771 679 2846 ardentibus,
702 2771 776 2832 hacc
798 2769 865 2830 tuba
888 2770 985 2838 rixae;

209 2851 285 2910 Dein
307 2851 434 2912 clanaore
457 2855 520 2932 pari
543 2857 740 2930 concurritur,
766 2863 796 2914 et
816 2855 882 2923 vice
903 2853 955 2914 teli

211 2935 311 2994 Saevit
331 2935 405 2995 nuda
428 2955 539 3006 manus:
562 2957 674 3016 paucae
697 2940 759 2998 sine
780 2937 901 2998 vulnere
924 2937 1028 3014 malae,
1219 3007 1220 3012 η

209 3017 267 3076 Vix
290 3019 421 3098 cuiquam
444 3029 491 3080 aut
511 3022 581 3081 nulli
602 3031 664 3081 toto
689 3023 844 3082 certamine
866 3039 952 3080 nasus
1164 3031 1192 3085 bb

210 3101 343 3178 Integer,
366 3105 516 3182 aspiceres
537 3106 592 3165 iam
616 3116 716 3166 cuncta
737 3125 791 3185 per
812 3106 924 3182 agmina
947 3105 1043 3165 vultus

209 3183 368 3261 Dimidios,
394 3186 466 3246 alias
491 3187 583 3246 iacies
605 3197 634 3247 et
657 3188 761 3249 hiantia
786 3191 878 3267 ruptis
911 3245 921 3264 ,

211 3266 286 3327 Ossa
307 3271 406 3345 genis,
430 3269 535 3346 plenos
557 3271 706 3331 oculorum
728 3275 867 3350 sanguine
889 3289 1013 3350 pugnos.

210 3350 324 3410 Ludere
348 3370 381 3410 sc
405 3352 524 3412 credunt
545 3355 601 3432 ipsi
623 3364 718 3416 tamen
744 3365 774 3416 et
795 3355 925 3435 pueriles

210 3431 362 3493 Exercere
383 3436 479 3510 acies,
501 3437 578 3515 quod
598 3439 676 3499 nulla
700 3439 842 3500 cadavera
863 3438 992 3508 calcent:
1162 3446 1192 3502 fio

211 3514 249 3572 Et
268 3533 338 3574 sane
361 3534 417 3594 quo
442 3528 483 3578 tot
504 3521 623 3581 rixantis
644 3523 720 3583 milia
758 3522 869 3599 turbae,
