2480 4006
432 285 640 334 PRAEFATIO.
938 287 1027 337 XXXI

36 431 160 488 queoabs
179 436 259 485 aetate
268 445 322 486 esse
333 437 457 501 poterant,
472 431 513 501 qui
527 431 637 486 breviore
647 432 725 486 forma
735 429 874 487 reconditae
884 431 1028 489 eruditionis

35 516 146 588 speciem
155 513 310 580 aifoemreom
320 515 373 570 sine
383 515 450 570 libris
461 515 538 586 igitur
550 514 610 570 nihil
620 515 682 586 apud
693 512 759 569 bunc
768 521 870 571 mutem.
890 515 943 572 Alia
954 532 1026 574 causa

36 607 74 656 est
83 616 107 657 u.
120 603 171 665 87.
184 599 226 654 ubi
237 599 301 671 quod
312 598 380 654 Iabn.
393 615 414 654 c.
425 597 489 656 Pitb.
500 599 597 669 scripsit
606 598 653 667 ibi,
665 613 714 653 non
725 598 841 655 librorum
851 601 931 672 magle
944 616 1026 659 exem·

35 685 79 756 plo
89 698 163 756 quam
174 698 230 740 meo
241 683 323 739 sensui
333 683 464 739 obsecutus
474 697 518 753 per
525 683 651 740 relatiunm
661 681 737 738 obiob
748 683 820 738 unius
829 683 920 756 nauigii
931 685 1026 741 fortuna

36 769 67 824 ad
86 768 224 824 universam
235 768 283 822 tuti
293 767 360 823 sinus
369 768 502 841 imaginem
512 768 733 840 naufragorumque
742 768 809 825 uelut
820 769 1026 825 conciliabulare·

35 853 137 913 uocari;
156 851 222 907 idem
240 857 321 908 tamen
337 867 395 908 mou
412 868 435 909 u.
449 857 500 910 110
510 858 535 906 et
546 859 597 913 116
609 853 682 909 etiam
699 853 797 924 propius
810 853 852 908 illo
863 852 949 924 optimi
958 853 1028 908 testis

36 937 141 1010 uestigia
157 936 234 1006 pressi
244 935 372 992 scribendo
385 935 486 1010 bellique
496 943 521 990 et
531 943 573 991 uec
585 937 758 1010 puldrorum,
770 937 813 994 ubi
824 935 888 992 Pitb.
901 943 967 992 certe
977 952 1027 992 non

35 1027 64 1074 nt
74 1021 174 1076 Iahnius
191 1026 216 1074 et
226 1020 324 1090 plurimi
339 1018 582 1094 belbetsedbelliqet
592 1021 820 1093 nccnmpncetsed
833 1027 948 1094 reponet
958 1020 1028 1076 exhi·

35 1105 85 1160 bet.
118 1103 188 1161 Unus
205 1103 233 1160 G.
244 1103 393 1161 Sclunidtius
403 1106 452 1161 iam
467 1105 492 1159 in
503 1105 598 1160 delectu
609 1105 776 1161 Bieleleldcusi
787 1109 856 1164 1835
866 1103 965 1179 dellipm
976 1105 1027 1162 edi·

36 1189 83 1250 dil;
101 1189 146 1244 sed
156 1203 233 1259 quum
251 1190 324 1245 simul
337 1196 438 1245 wudu
449 1204 492 1260 pro
509 1195 597 1254 moen
607 1189 723 1245 scriberet
738 1195 880 1260 partemque
892 1189 949 1244 belli
960 1205 1025 1261 epre-

33 1273 101 1344 pe'um
111 1273 215 1346 clippeo
225 1273 308 1328 desem
317 1274 527 1344 interpretaretur,
545 1272 594 1328 hoc
604 1275 684 1330 solum
695 1279 761 1328 recte
778 1273 851 1338 vidit,
866 1280 961 1345 portem
971 1272 1026 1328 delli

36 1357 150 1413 cohortes
161 1357 231 1412 valde
241 1357 356 1430 languide
367 1357 426 1421 dici:
446 1357 536 1429 reliqua
555 1358 633 1414 multo
645 1357 739 1413 facilius
749 1358 786 1412 sic
795 1363 928 1422 sturemus,
942 1365 970 1412 ut
981 1373 1027 1430 pne

36 1442 94 1512 ipsis
105 1440 250 1496 cohortibus
260 1449 349 1497 tenen
362 1448 483 1514 tamquam
492 1447 585 1512 portem
591 1443 696 1516 oliqctom
705 1440 789 1497 delitet
798 1447 888 1496 woden
895 1441 923 1495 in
931 1440 1027 1512 proelio

35 1527 161 1598 adiungat.

120 1610 175 1666 Lib.
188 1610 216 1668 V.
227 1609 278 1665 Sat.
290 1610 356 1664 IIIII.
373 1625 397 1664 r.
411 1613 445 1668 18
454 1626 500 1664 etet
511 1610 583 1666 etiam
597 1614 654 1679 post
664 1607 788 1675 IahnIum,
800 1608 842 1678 qui
851 1623 910 1662 mus
920 1607 1025 1678 scripsit,

34 1711 90 1751 cum
102 1693 168 1752 Pith.
181 1701 206 1750 et
217 1695 325 1765 plurimis
336 1694 426 1749 asserui
437 1693 530 1750 Vindio.
542 1709 567 1765 p.
581 1699 627 1756 15;
640 1692 761 1748 difficilius
771 1698 852 1747 eutem
862 1691 934 1747 liuius
944 1697 1026 1762 patro·

33 1781 125 1836 ciuium
143 1785 215 1834 estu.
228 1781 278 1846 28,
297 1779 340 1834 ubi
351 1779 372 1833 si
383 1778 500 1834 quenalis
516 1793 581 1834 nmtc
590 1777 738 1848 scripsisset,
756 1775 821 1848 quod
832 1791 862 1830 ea
873 1774 937 1830 Pith.
948 1791 1026 1846 nuper

32 1865 132 1920 Iahnius
149 1863 236 1927 edidit,
253 1878 320 1919 oeno
338 1869 417 1927 aetas,
437 1878 510 1934 quam
528 1861 635 1927 eiusdem
653 1867 777 1916 corrector
793 1875 849 1914 cum
867 1859 1024 1914 deterIoribus

33 1949 156 2019 plerisque
172 1961 327 2004 communem
344 1946 431 2014 babet,
449 1947 571 2018 quomodo
589 1946 614 2000 iu
630 1951 736 2000 mentem
753 1942 856 1998 librariis
866 1943 971 2008 venerit,
983 1943 1025 1996 viu

33 2032 157 2102 explicem
168 2031 553 2104 nequeipsummmccmineutem
564 2030 653 2093 locum
667 2042 739 2100 quem
749 2027 774 2081 in
784 2025 902 2096 principio
912 2026 1024 2081 uersiculi

33 2123 115 2181 tenet,
129 2116 191 2171 tueri
202 2130 274 2187 posse
284 2115 389 2181 videtur,
401 2121 529 2186 postquam
542 2113 627 2169 eadem
637 2120 747 2182 tempora
762 2111 811 2168 iam
825 2110 849 2165 in
861 2109 1025 2166 antecedenti·

31 2200 78 2256 bus
92 2200 186 2256 diutius
200 2205 301 2255 tractata
312 2207 383 2263 sunt:
394 2199 486 2254 servaro·
497 2197 585 2270 igitur,
598 2213 646 2270 quo
658 2196 754 2252 sublato
764 2195 864 2251 verebar
875 2209 907 2250 ne
918 2195 1024 2267 argutis·

31 2286 95 2340 simo
108 2283 218 2355 epitheto
230 2284 384 2357 frigidissima
399 2283 517 2354 particula
535 2283 683 2339 succederet.
713 2281 792 2336 Etiam
808 2295 832 2336 v.
844 2283 878 2338 82
889 2279 954 2336 idem
964 2278 1024 2335 mihi

31 2369 96 2441 quod
108 2366 173 2424 VIII.
185 2373 237 2426 203
248 2369 349 2434 indulsi,
365 2373 395 2422 nt
410 2374 519 2424 extremo
529 2374 552 2423 et
563 2367 689 2431 adderem,
707 2366 772 2438 quod
790 2365 814 2420 in
832 2364 882 2420 bne
898 2377 1023 2419 enumera-

31 2453 128 2508 tionum
140 2453 250 2508 solemne
256 2452 302 2523 ipsi
312 2451 429 2527 quidquid
434 2451 552 2508 quenalis
561 2451 593 2507 ll.
601 2453 654 2510 174
664 2458 689 2506 et
695 2449 736 2508 lll.
749 2453 799 2508 191
811 2449 946 2520 praemisit:
959 2447 1023 2519 quod
1122 2483 1127 2492 ·

30 2552 89 2591 vero
101 2552 125 2592 v.
140 2538 193 2594 107
212 2551 256 2606 pro
267 2536 390 2607 mudeuurt
400 2536 455 2592 dedi
465 2535 615 2606 wofirmoem
630 2551 660 2590 ex
670 2536 721 2606 ipsa
737 2533 862 2589 pithoeani
873 2533 1024 2602 alienumque

31 2621 195 2691 plurimorum
209 2623 345 2691 corruptela
356 2619 496 2690 modinum
507 2621 593 2685 elicui;
610 2619 766 2690 eiusdemque
776 2617 814 2672 uel
824 2617 927 2672 certiore
939 2622 1024 2670 aucto·

31 2706 103 2760 ritate
116 2703 170 2760 Sat.
188 2703 250 2760 lIIV.
263 2719 286 2760 v.
299 2709 334 2764 83
344 2703 444 2761 edmnt
454 2719 498 2774 pro
508 2703 607 2760 sceau
618 2717 723 2774 moxque
733 2717 756 2758 v.
768 2705 804 2760 48
819 2717 863 2756 occ
878 2715 921 2770 pro
937 2716 968 2754 oe
985 2714 1023 2753 re·

32 2789 109 2860 posui,
125 2787 257 2844 accedente
268 2789 365 2860 insuper
374 2787 506 2844 sententiae
517 2787 737 2848 commendatione,
749 2786 779 2839 de
790 2800 837 2855 qua
848 2785 880 2838 cl.
889 2783 980 2838 Vindic.
996 2797 1022 2851 p.

33 2877 75 2931 18.
87 2900 133 2916 -·
143 2872 172 2928 V.
183 2875 218 2929 83
230 2879 256 2927 ut
265 2889 314 2928 non
326 2889 339 2928 a
350 2872 474 2929 Pithoeani
485 2901 528 2914 -
540 2873 561 2927 is
571 2873 635 2926 enim
646 2873 759 2938 comupte
768 2868 856 2922 leuaret
874 2865 1024 2919 exbibet-

31 2957 74 3012 sed
86 2955 205 3012 aPithoei
217 2955 341 3028 Iahniique
354 2957 496 3012 auctoritate
507 2956 631 3028 digressus
640 2967 684 3022 pro
695 2951 780 3006 levum
790 2950 947 3020 plurimorum
963 2947 1024 3002 scri·

32 3047 131 3111 pturam
142 3038 228 3095 lwcdel
237 3041 390 3110 praeferrem,
403 3047 428 3095 et
438 3039 552 3094 Prisciani
562 3037 700 3108 vestigium,
714 3034 754 3106 qui
765 3033 849 3088 beavit
859 3033 934 3105 legit,
947 3037 972 3086 et
981 3048 1023 3087 su·

33 3125 137 3195 perieris
153 3124 203 3180 loci
214 3123 253 3181 Vl.
265 3128 318 3184 660
336 3124 482 3195 comparatio
502 3123 591 3187 mouit,
610 3120 652 3175 ubi
662 3120 686 3173 in
698 3118 770 3173 simili
781 3117 960 3173 constructione
970 3117 1023 3187 ipse

34 3207 182 3266 Pithoeanus
188 3209 354 3281 prcepoetodit
366 3216 459 3271 luetur;
469 3223 492 3261 u.
504 3211 555 3264 152
570 3211 650 3260 autem
661 3203 726 3258 bunc
737 3203 808 3257 etiam
815 3201 884 3274 secde
895 3200 1022 3256 scribendo

34 3291 93 3348 nibil
113 3293 160 3348 nisi
176 3294 316 3366 genetivum
331 3294 417 3366 foedae
431 3291 536 3347 rolubse
552 3297 628 3361 puto,
648 3287 716 3342 cuius
735 3292 801 3340 certe
819 3301 868 3342 non
885 3284 1023 3355 Impeditior

31 3392 108 3448 quam
120 3377 226 3433 adverbii
240 3385 361 3434 structura
373 3384 424 3444 est,
435 3375 509 3432 modo
519 3373 662 3447 hypallagen
674 3386 804 3444 agnosces,
818 3385 864 3442 qua
872 3369 958 3442 [odae
967 3367 1023 3422 brec·

35 3461 91 3517 cino
99 3461 181 3533 sonmo
192 3476 236 3533 pro
248 3462 319 3518 loeda
329 3463 393 3519 lama
403 3461 497 3524 dIcitur,
510 3459 579 3514 cuius
590 3459 657 3513 velut
667 3457 769 3512 buchna
779 3454 804 3510 io
814 3452 966 3510 sermonibus
976 3452 1023 3506 illis

36 3545 161 3609 audiatur:
178 3560 225 3600 nec
234 3561 258 3602 u.
270 3551 324 3606 238
339 3547 364 3602 in
376 3546 460 3618 optimu
472 3543 562 3599 codicis
579 3543 664 3598 lacuna
676 3541 802 3616 anquirere
813 3539 893 3610 potius
905 3552 960 3591 cum
972 3534 1022 3589 Ru·

36 3630 113 3699 pertio
121 3636 146 3684 et
156 3629 238 3704 lahnio
250 3646 322 3702 mam
335 3645 391 3686 cum
402 3635 483 3688 uetere
493 3632 630 3683 comestore
640 3623 877 3700 aweit-ereinuenio,
888 3619 952 3692 quod
962 3623 1022 3673 etr.
