2460 4004
389 241 515 288 sartan
536 242 609 290 XIV.

20 380 143 443 Materia
169 387 303 440 constare
329 386 409 456 putat
436 378 614 456 paribusque
641 378 802 454 elementis,

21 467 65 526 dn
88 464 206 525 saevire
229 463 316 522 docet
339 461 469 537 Rutilus,
500 463 548 539 qui
570 461 677 537 gaudet
698 461 808 522 acerbo

20 551 176 627 Plagarum
201 547 322 624 strepitu
345 555 375 604 et
397 545 503 605 nullam
526 545 627 604 Sirena
652 545 778 621 flagellis

21 632 195 711 Comparat,
219 629 391 708 Antiphates
413 629 519 707 trepidi
539 627 607 688 laris
626 646 661 688 ao
683 627 888 706 Polyphemus,
974 639 1009 692 to

20 718 103 776 Tunc
126 717 216 791 felix,
242 714 357 792 quoties
382 711 486 790 aliquis
508 720 621 770 tortore
646 721 753 772 vocato

19 801 122 861 Uritur
145 799 257 860 ardenti
279 798 335 856 duo
362 805 484 875 propter
505 795 593 856 lintea
614 793 718 856 lerro?

19 885 96 958 Quid
119 883 225 944 suadet
245 882 341 940 iuveni
364 881 458 940 laetus
481 878 606 939 stridore
630 889 761 956 catenae,

18 969 116 1041 Quem
138 967 210 1026 mire
233 965 361 1026 afliciunt
381 966 519 1042 inscripta
542 963 707 1042 ergastula,
732 961 856 1024 carceri

18 1052 160 1112 Rusticus
185 1058 359 1128 exspectas,
385 1057 495 1107 utnon
517 1048 555 1107 sit
578 1048 709 1108 adultera
730 1047 842 1125 Largae
974 1058 1009 1111 25

17 1135 109 1212 Filia,
139 1151 213 1213 quae
236 1149 388 1211 numquam
408 1141 554 1192 maternos
578 1131 677 1192 dicere
698 1132 838 1192 moechos

18 1219 89 1280 Tam
116 1219 175 1278 cito
199 1235 254 1277 nec
280 1225 359 1277 tanto
384 1217 493 1295 poterit
514 1223 674 1276 contexere
699 1234 795 1292 cursu,

19 1303 54 1362 Ut
77 1321 141 1362 non
163 1311 209 1361 ter
231 1301 330 1362 decies
356 1297 505 1379 respiret?
534 1301 652 1360 conscia
675 1301 758 1359 matri

19 1387 113 1464 Virgo
139 1386 207 1454 iuit余
231 1403 316 1445 ceras
343 1403 417 1444 nunc
438 1383 493 1444 hac
516 1382 644 1444 dictante
670 1383 792 1460 pusillas

19 1471 128 1550 Implet
153 1479 182 1528 et
204 1468 239 1529 ad
261 1467 413 1528 moechum
436 1467 485 1526 dat
506 1466 616 1526 eisdem
638 1465 717 1526 ferre
742 1465 879 1525 cinaedis.
975 1475 1010 1529 30

18 1556 66 1614 Sic
95 1562 200 1613 natura
223 1550 317 1610 iubet:
341 1551 473 1610 velocius
496 1559 526 1609 et
549 1549 632 1609 citius
654 1566 707 1608 nos

19 1637 218 1714 Corrumpunt
239 1636 373 1694 vitiorum
400 1633 550 1713 exempla,
578 1633 738 1694 domestica
762 1634 873 1710 magnis

18 1722 117 1794 Quum
141 1719 264 1780 subeunt
291 1719 401 1779 animos
426 1717 604 1779 auctoribus.
642 1717 721 1779 Unus
746 1727 775 1778 et
797 1717 872 1778 alter

18 1799 158 1864 Forsitan
186 1803 261 1863 baec
288 1812 425 1882 spernant
448 1803 587 1878 iuvenes,
613 1802 717 1880 quibus
741 1810 803 1862 arte
829 1801 953 1879 benigna

17 1887 53 1947 lit
80 1887 208 1946 meliore
234 1886 295 1945 luto
319 1887 399 1944 linxit
421 1885 594 1962 praecordia
618 1885 713 1952 'litam
975 1895 1008 1947 35

18 1973 79 2031 Sed
105 1969 237 2046 reliquos
262 1967 400 2044 fugienda
423 1977 535 2043 patrum
559 1967 686 2042 vestigia
709 1967 816 2026 ducunt

17 2053 54 2116 lit
79 2059 240 2111 monstrata
262 2049 309 2109 diu
331 2049 441 2108 veteris
466 2049 552 2108 trahit
574 2047 668 2107 orbita
694 2049 809 2126 culpae.

18 2137 180 2198 Abstineas
206 2135 294 2212 igitur
316 2131 495 2201 damnandis余
520 2131 603 2190 buius
633 2133 707 2190 enim
727 2132 776 2192 vel

20 2221 82 2281 Una
107 2227 213 2298 potens
235 2219 309 2277 ratio
335 2225 394 2292 est,
419 2235 456 2276 ne
482 2216 598 2275 crimina
622 2225 720 2275 nostra
742 2226 899 2295 sequantur

21 2305 64 2364 lix
85 2303 172 2363 nobis
194 2302 303 2380 geniti,
331 2301 466 2381 quoniam
492 2298 604 2360 dociles
628 2297 770 2360 imitandis
978 2313 1010 2363 40

21 2387 169 2467 turpibus
195 2404 231 2446 ac
253 2387 351 2464 pravis
375 2402 475 2445 omnes
498 2401 610 2454 sumus余
639 2393 667 2444 et
692 2382 843 2446 Catilinam

22 2471 214 2550 Quocumque
235 2471 264 2530 in
286 2469 396 2550 populo
420 2470 537 2546 videas,
564 2487 747 2549 quocumque
770 2469 823 2530 sub
847 2487 913 2542 axe,

22 2556 81 2616 Sed
109 2573 166 2614 nec
186 2553 289 2614 Brutus
313 2555 383 2629 erit,
405 2554 485 2613 Bruti
507 2571 563 2614 nec
588 2555 747 2614 avunculus
769 2571 899 2631 usquam.

23 2636 68 2698 Nil
93 2639 171 2700 dictu
193 2637 310 2697 foedum
332 2639 454 2715 visuque
476 2637 550 2696 haec
579 2637 673 2697 limina
695 2645 804 2714 tangat,

23 2720 99 2783 lutra
125 2739 200 2800 quae
222 2729 307 2800 pater
328 2729 387 2790 est余
413 2720 533 2798 procul,
559 2719 595 2780 ab
617 2720 719 2798 procul
742 2719 808 2779 inde
831 2720 949 2799 puellae
977 2729 1013 2782 45

24 2803 170 2866 lenonum
197 2814 226 2865 et
249 2813 348 2865 cantus
374 2805 572 2883 pernoctantis
597 2804 731 2882 parasiti!

25 2885 148 2950 llaxima
170 2890 293 2950 debetur
315 2906 408 2968 puero
431 2888 612 2948 reverentia:
637 2889 661 2946 si
686 2888 754 2965 quid

27 2969 123 3052 Turpe
149 2992 251 3051 paras,
278 2991 333 3032 nec
358 2981 387 3031 tu
411 2972 494 3050 pueri
517 2974 728 3048 contempseris
751 2989 852 3049 annos,

28 3055 83 3117 Sed
108 3066 267 3136 peccaturo
289 3056 387 3116 obstet
411 3055 462 3114 tibi
488 3055 563 3115 lilius
587 3054 690 3113 infans.

28 3137 97 3201 Nam
123 3142 147 3200 si
175 3140 243 3219 quid
269 3141 385 3218 dignum
413 3140 544 3200 censoris
571 3139 675 3198 lecerit
698 3139 740 3197 ira
976 3146 1011 3200 50

31 3221 208 3304 Quandoque
236 3234 265 3283 et
288 3224 409 3284 similem
430 3223 482 3284 tibi
507 3242 541 3283 se
568 3240 625 3283 non
647 3239 775 3301 corpore
799 3232 906 3283 tantum

30 3303 90 3367 Nec
112 3308 192 3368 vultu
220 3308 348 3384 dederit,
376 3325 486 3368 morum
512 3325 629 3388 quoque
654 3306 729 3367 lilius
751 3316 781 3368 et
804 3311 852 3387 qui

32 3387 128 3452 Omnia
155 3391 283 3452 deterius
305 3402 352 3452 tua
378 3409 433 3470 per
454 3393 578 3470 vestigia
601 3401 717 3471 peccet,

33 3469 178 3555 corripies
204 3476 334 3535 nimirum
357 3483 386 3536 et
408 3475 564 3554 castigabis
588 3475 696 3536 acerbo
