2480 4006
213 279 301 328 xv111
603 279 812 328 PRAEFATIO.

1210 301 1238 394 l'

212 422 373 493 disputamm
384 421 559 476 emendandum
576 428 627 489 est,
645 429 673 478 ut
683 438 707 476 v.
720 425 768 486 te,
786 423 810 477 in
827 439 875 494 quo
892 431 950 480 tunc
961 432 1060 495 uterque
1071 421 1206 498 vulgatam

211 505 340 562 rechonem
350 503 516 577 sequebamur,
528 505 576 560 iam
586 520 642 560 curn
652 505 734 560 Iahnio
749 505 856 561 lleroerii
867 508 985 563 medelam
996 507 1099 578 amplexi
1111 507 1203 566 Ombis

211 597 290 644 tarum
307 595 333 644 et
343 588 519 661 Tentyritarum
542 595 623 660 partes
639 595 815 658 permutemus,
838 605 959 662 quumque
975 591 1030 646 illos
1046 593 1191 648 crocodilum
1217 583 1238 596 ”’

211 673 328 738 coluisse,
340 673 385 729 hos
395 673 560 744 perhorruisse
572 679 666 728 certum
675 673 720 736 sit,
733 673 827 728 illorum
839 675 920 743 potius
932 674 996 730 diem
1008 674 1096 729 testum
1106 676 1136 730 ab
1147 677 1191 741 his,

211 771 260 812 non
278 757 364 813 horum
386 757 474 814 abillis
488 756 610 812 turbatum
624 753 989 828 nequeOmbitasaTsntyritis
1004 758 1046 813 sed
1059 758 1191 830 Tentyritae
1237 793 1238 796 =

211 840 241 896 ab
249 838 352 898 Ombitis
363 841 461 912 fugatos
472 853 525 894 ese
534 845 681 901 statuamus;
694 839 727 894 ita
737 854 794 894 vero
804 840 875 894 etiam
887 841 1033 910 probabilior
1043 847 1128 910 poetae
1138 859 1191 898 nar-

211 923 271 978 ratio
283 924 377 987 existet,
389 939 435 994 qua
447 928 574 993 postquam
585 923 718 978 adversam
726 923 899 994 Aegyptiarum
915 925 1060 996 religionum
1076 925 1191 982 insaniam

210 1006 302 1062 uotadt
313 1005 351 1073 (v.
363 1009 495 1074 1—26),
512 1011 636 1060 cruentam
646 1007 722 1060 rixam
741 1021 772 1061 ex
782 1007 872 1062 mutuis
889 1009 1018 1064 earundem
1035 1008 1096 1064 odiis
1111 1010 1191 1066 oriun-

210 1089 265 1145 dam
276 1089 374 1159 exponit
385 1088 421 1156 (v.
431 1092 465 1147 ai
472 1091 583 1158 —to)‚
604 1089 673 1144 cuius
684 1088 724 1145 hic
734 1091 813 1145 exitus
823 1091 909 1156 fuerit,
922 1099 951 1148 ut
960 1093 1064 1146 victores
1074 1107 1148 1146 unum
1161 1109 1191 1150 ex

211 1172 286 1238 victis,
302 1187 374 1243 quem
383 1173 465 1228 urum
475 1172 602 1242 cepissent,
617 1173 728 1228 manibus
739 1175 790 1230 suis
800 1173 948 1246 discerptum
958 1175 1098 1231 devorarent
1109 1176 1145 1243 (v.
1156 1181 1189 1236 77
1237 1209 1238 1252 q

210 1258 305 1325 —at)
324 1270 400 1328 eaque
410 1272 437 1311 re
447 1256 539 1310 laciuus
558 1257 669 1324 ederent,
688 1257 727 1312 cui
744 1257 822 1314 simile
832 1259 873 1314 vix
890 1259 994 1314 terarum
1011 1260 1121 1330 gentium
1139 1274 1190 1314 me-

209 1339 285 1394 moria
301 1339 426 1394 dirissimis
442 1338 592 1410 temporibus
608 1346 690 1396 nosset
711 1340 747 1408 (a.
764 1343 933 1411 tta-115),
950 1341 1123 1400 humanitatem
1134 1359 1190 1398 vero

209 1422 274 1494 quod
291 1423 370 1495 mm
386 1423 487 1480 violaret
502 1423 601 1478 inveniri
620 1425 679 1480 nihil
698 1431 781 1495 posset
803 1423 845 1491 (a.
858 1428 908 1482 116
918 1453 954 1464 -
966 1427 1045 1494 lta).
1074 1425 1191 1482 Incertior

208 1512 291 1562 sectam
301 1505 405 1564 duom
418 1507 488 1579 origo
506 1513 554 1572 est,
573 1523 645 1579 quam
655 1509 696 1580 qui
714 1507 869 1578 exploderent
887 1507 1051 1579 luvenalisque
1067 1523 1121 1564 esse
1138 1511 1191 1564 nol·
1237 1541 1238 1580 i

209 1589 273 1654 lent,
292 1591 340 1646 iam
351 1591 479 1648 scholiasta
489 1590 569 1655 novitr
578 1591 681 1648 eandam
691 1597 771 1648 tamen
787 1592 809 1646 si
818 1590 955 1647 inchoatam
970 1607 1019 1646 non
1031 1591 1191 1648 absolutama

208 1680 280 1742 poeta
289 1679 439 1740 statuamus,
451 1689 482 1729 ne
492 1675 557 1732 illius
566 1675 663 1746 quidem
673 1676 764 1747 ingenii
774 1675 883 1748 vestigiis
893 1690 975 1731 carere
984 1676 1045 1730 scite
1055 1675 1084 1732 G.
1096 1675 1124 1730 li.
1132 1677 1191 1732 We-

209 1755 280 1811 berns
288 1756 314 1810 in
323 1755 353 1812 N.
367 1757 450 1813 hunul.
463 1762 530 1816 1841
541 1759 568 1813 Τ.
581 1758 684 1822 xxxa,
697 1775 722 1829 p.
733 1765 785 1818 150
794 1774 846 1830 sqq.
858 1759 1032 1816 animadvertit
1058 1759 1118 1832 Agit
1126 1761 1190 1814 enim

209 1839 240 1894 de
250 1840 384 1897 commodis
393 1842 455 1896 vitae
465 1841 587 1908 militaris,
602 1842 645 1897 sed
655 1843 689 1898 ita
699 1849 727 1897 ut
736 1843 798 1897 inter
807 1843 930 1898 nudatas
940 1843 1011 1900 huius
1028 1843 1112 1899 laudes
1122 1859 1189 1914 prae·

209 1923 280 1993 cipue
295 1924 353 1980 iuris
370 1925 520 1996 iniquitatem
537 1925 670 1991 describat,
688 1942 735 1998 qua
752 1926 840 1998 pagani
858 1941 914 1982 cum
932 1927 1049 1982 militibus
1059 1928 1191 1998 comparati

208 2007 390 2081 premebarrtur;
401 2009 465 2080 quod
475 2009 582 2080 nisiquis
595 2009 682 2066 drama
692 2011 913 2069 nordmannos
923 2011 1079 2082 senispoetae
1088 2026 1191 2082 persona

207 2094 336 2149 abhorrere
353 2093 485 2157 censuerit,
508 2107 586 2163 neque
601 2094 625 2148 in
642 2101 786 2164 argumento
808 2109 886 2165 neque
903 2095 927 2148 ln
943 2095 1093 2166 singularum
1109 2109 1189 2150 rerum

84 2165 87 2174 '
207 2177 350 2231 tractatione
360 2174 490 2246 quidquam
501 2175 618 2242 inveniet,
630 2177 694 2246 quod
705 2177 777 2231 scribi
791 2176 821 2232 ab
838 2177 886 2232 hoc
895 2178 1002 2246 potuisse
1013 2185 1080 2232 recte
1090 2185 1174 2250 neget.

291 2259 409 2314 Iuvenalis
425 2257 511 2312 satiras
521 2257 676 2329 sequentibus
692 2273 788 2329 quoque
799 2259 886 2313 seculis
903 2259 1021 2327 placuisse
1032 2261 1122 2331 Insigni
1133 2263 1191 2316 hm·
1236 2253 1237 2324 l

208 2341 280 2396 miani
290 2340 420 2396 Marcellini
431 2340 569 2396 testimonio
581 2341 765 2412 cognoscimus,
777 2341 818 2411 qui
828 2339 933 2396 lllllllll.
945 2344 963 2398 4
978 2341 1016 2396 vel
1027 2343 1068 2412 qui
1084 2343 1192 2414 alioquin

176 2427 190 2452 ⁹
208 2425 330 2481 dmum
345 2424 665 2490 summoueretur,
682 2421 814 2479 Iuvmalem
830 2421 1188 2482 cummutationem·

207 2507 356 2564 meando
369 2507 634 2580 cynomannico
652 2506 771 2562 wbraino
783 2513 881 2578 moder
895 2506 953 2562 baec
970 2508 1128 2581 inprosuodo
1142 2512 1191 2566 otio

207 2597 390 2654 meantem
407 2606 453 2646 nec
467 2591 489 2646 si
505 2588 550 2646 hos
567 2590 631 2646 idem
649 2590 795 2660 turpitudine
812 2591 892 2660 potius
909 2599 1109 2663 argumentomm
1125 2593 1192 2649 allici

207 2673 328 2746 significat
340 2675 423 2748 (worn
433 2673 461 2730 ob
472 2689 575 2739 omacio,
586 2690 635 2729 noo
645 2673 752 2729 admoti
762 2680 797 2730 est
806 2675 904 2744 cosin),
918 2675 977 2732 ahos
988 2678 1110 2732 wuoriue
1120 2677 1192 2732 tanae
1235 2669 1236 2681 ¹

206 2758 320 2833 podorem
338 2775 364 2814 m
381 2773 411 2814 eo
422 2758 569 2815 desiderasse
585 2757 690 2814 ostendit
708 2756 782 2813 Rutil.
794 2757 887 2814 Namat.
899 2758 980 2818 itiner.
998 2760 1017 2816 l.
1030 2764 1096 2823 604;
1113 2761 1191 2815 immo

207 2858 239 2898 ne
247 2842 314 2898 taciti
323 2843 419 2914 quidem
430 2842 534 2898 nominis
546 2843 713 2897 auctoritatem
730 2841 837 2897 eruditos
847 2843 941 2914 fugisse
951 2842 1087 2898 Macrobius
1098 2845 1190 2916 arguit,

207 2926 340 2998 quiSomn.
351 2926 467 2998 scipta
476 2926 583 2984 decimae
592 2926 679 2980 satirae
689 2925 761 2981 verba
770 2926 863 2981 mont
872 2925 953 2989 hoco,
968 2925 1118 2997 optundit
1126 2935 1192 2982 tam

207 3025 279 3081 quam
289 3010 364 3081 vulgo
380 3018 438 3066 nota
448 3016 563 3080 usurpata
573 3015 648 3080 utque
659 3009 830 3081 grammaticos
840 3008 942 3071 mittam,
955 3010 1027 3063 etiam
1038 3008 1118 3062 medio
1130 3026 1192 3067 aevo

207 3105 282 3164 quum
298 3093 328 3148 ab
345 3093 397 3148 aliis
412 3092 582 3164 scriptoribus,
602 3092 667 3148 Reda
678 3091 824 3158 Venerabili,
842 3090 1001 3160 liutprando,
1020 3091 1112 3146 adamo
1130 3092 1193 3149 Bre-

208 3176 283 3232 mensi
294 3177 383 3246 passim
394 3177 509 3240 laudatur,
521 3182 574 3232 tum
585 3191 599 3230 a
609 3175 697 3231 Ioanne
704 3175 873 3231 Sarisberiensi
888 3174 921 3229 ita
932 3174 982 3229 lere
993 3181 1151 3243 memoratur,
1164 3185 1192 3235 ut

206 3259 310 3330 simplici
330 3259 401 3316 ethici
416 3261 514 3316 nemim
524 3260 600 3333 uulgo
622 3267 707 3317 notum
724 3260 798 3315 luisse
812 3258 985 3330 intelligamus.
1018 3257 1107 3313 Verum
1124 3262 1190 3316 enim

206 3358 263 3398 uero
276 3344 321 3400 hos
328 3359 413 3400 omnes
422 3359 470 3400 non
481 3359 651 3416 usquequaque
658 3345 761 3401 eundem
766 3343 894 3399 verbenam
901 3348 1010 3398 tenorem
1019 3341 1118 3414 legisse,
1130 3360 1191 3415 qua·
1233 3339 1234 3379 l

206 3427 236 3482 lis
252 3443 283 3482 ex
293 3435 380 3498 poetae
390 3428 500 3485 manibus
509 3428 650 3500 prodiisset,
668 3429 740 3484 renis
755 3427 864 3500 uestigiis
882 3433 990 3490 constan
1007 3441 1068 3498 quae
1085 3426 1191 3482 dubitari

207 3525 256 3567 non
267 3512 348 3568 sinunt
361 3513 417 3585 quin
433 3514 505 3569 etlam
521 3519 615 3586 praeter
631 3514 716 3570 solitos
733 3513 883 3570 librariorum
899 3526 1005 3576 errores,
1021 3525 1124 3583 quoram
1142 3511 1191 3566 iam

206 3595 388 3668 palimpsestum
410 3598 566 3671 antiquissimi
582 3599 673 3655 codicis
696 3599 859 3672 fragmentum
884 3597 947 3668 apud
962 3595 1026 3668 ring.
1050 3593 1096 3650 llai
1111 3593 1189 3651 Clas.
