2460 4004
214 291 256 352 82
543 301 578 348 u.
601 301 672 348 mu.
695 300 881 348 ruvsunnrs

214 443 253 503 Et
274 460 425 519 numquam
444 441 515 499 uisis
538 439 653 518 triginta
677 439 754 500 clara
778 439 920 499 mamillis.

216 526 344 587 'landem
364 526 449 584 intrat
468 525 579 602 positas
602 523 713 583 inclusa
732 541 787 602 per
808 540 938 602 aequora
959 524 1052 584 moles
1173 535 1208 591 75

216 609 453 688 Tyrrhenamque
474 607 594 686 pharon,
608 615 803 687 porrectaque
826 606 944 668 brachia
966 625 1089 684 rursum,

217 694 300 768 Quae
321 693 429 772 pelago
452 699 607 750 occurrunt
625 690 720 750 medio
743 690 892 769 longeque
912 691 1078 770 relinquunt

217 777 328 838 ltaliam
346 777 425 854 (non
448 776 491 834 sic
514 776 601 852 igitur
619 773 764 833 mirabare
784 783 897 852 portus,

217 860 298 935 Quos
319 868 419 920 natura
440 857 556 937 dedit);
578 858 631 917 sed
652 867 753 917 trunca
776 875 873 937 puppe
894 860 1033 936 magister

215 944 356 1004 Interiora
378 943 451 1020 petit
471 940 595 1002 Baianae
614 942 714 1019 pervia
738 941 871 1017 cymbae,
1173 955 1205 1007 80

217 1026 282 1088 Tuti
305 1035 406 1104 stagna
428 1026 523 1101 sinus,
545 1023 672 1102 gaudent
693 1024 741 1084 ubi
763 1026 876 1085 vertice
897 1042 964 1084 raso

218 1110 338 1171 Garrula
359 1109 456 1168 securi
478 1127 595 1170 narrare
613 1108 745 1187 pericula
765 1117 879 1169 nautae.

259 1193 302 1253 lte
321 1193 424 1270 igitur,
448 1193 550 1270 pueri,
571 1192 677 1270 linguis
701 1193 859 1272 animisque
882 1192 1026 1268 faventes,

217 1279 361 1355 Sertaque
384 1275 514 1335 delubris
535 1284 565 1335 at
583 1275 660 1336 farra
682 1277 820 1354 imponite
841 1276 941 1336 cultris

217 1361 262 1420 Ac
283 1359 389 1420 molles
411 1369 510 1419 ornate
533 1360 617 1419 iocos
639 1359 814 1438 glebamque
836 1360 990 1420 virentem!
1172 1375 1202 1428 85
1224 1431 1225 1438 ἵ

216 1444 276 1504 lam
299 1460 406 1522 sequar
429 1452 459 1502 et
481 1461 581 1519 sacro,
600 1443 679 1523 quod
700 1452 847 1521 praestat,
865 1444 920 1504 rite
942 1453 1064 1522 peracto

215 1527 286 1588 Inde
309 1527 423 1587 domum
445 1536 592 1606 repetam,
612 1527 739 1604 graciles
760 1526 809 1586 ubi
831 1545 920 1606 parva
944 1543 1070 1588 coronas

217 1611 373 1689 Accipiunt
393 1610 489 1688 fragili
511 1609 663 1670 simulacra
684 1611 803 1670 nitentia
822 1628 900 1670 cera.

216 1694 271 1754 llic
291 1703 419 1753 nostrum
441 1693 566 1772 placabo
587 1693 686 1753 lovem
708 1693 886 1772 laribusque
909 1696 1038 1773 paternis
1219 1715 1224 1787 p

216 1778 293 1838 'lura
315 1777 390 1837 dabo
413 1786 500 1855 atque
523 1794 623 1836 omnes
644 1777 741 1836 violae
763 1778 878 1838 iactabo
900 1778 1027 1838 colores.
1172 1789 1223 1844 90¹

218 1859 329 1922 Cuncta
351 1861 455 1929 nitent;
475 1859 581 1938 longos
604 1863 698 1920 erexit
717 1863 801 1921 ianua
822 1879 919 1923 ramos
1216 1864 1225 1931 ¹,

216 1945 254 2006 tlt
276 1945 418 2006 matutinis
438 1954 577 2024 operatur
599 1945 674 2006 leste
693 1945 831 2005 lucernis.
1215 1934 1220 2003 l

216 2029 281 2090 Neo
304 2038 441 2107 suspecta
462 2027 513 2088 tibi
536 2029 591 2088 sint
610 2028 700 2104 haec,
724 2026 865 2089 Gorviue:
890 2027 1031 2107 Catullus,

216 2113 272 2173 Pro
295 2114 374 2172 cuius
396 2113 491 2172 reditu
512 2121 555 2171 tot
576 2129 653 2191 pono
677 2112 788 2189 altaria,
811 2131 920 2191 parvos

218 2195 293 2256 Tres
313 2195 402 2256 habet
423 2195 560 2254 heredes.
604 2195 688 2255 hibet
709 2206 902 2274 exspectare,
926 2198 990 2276 quis
1008 2216 1128 2276 aegram
1170 2208 1200 2261 9⁵

216 2279 255 2338 Et
276 2279 459 2339 claudentem
481 2279 583 2339 oculos
605 2279 740 2356 gallinam
761 2281 907 2358 impendat
927 2282 1020 2341 amico

217 2362 287 2423 Tam
304 2361 411 2429 sterili;
431 2379 531 2420 verum
551 2362 625 2422 haec
646 2365 730 2424 nimra
753 2366 963 2443 estimpensa:
987 2368 1122 2426 coturnix

216 2445 303 2506 Nulla
322 2463 454 2524 umquam
475 2461 528 2523 pro
551 2456 634 2524 patre
653 2447 746 2506 cadet.
791 2449 906 2508 Sentire
928 2449 1058 2510 calorem

217 2530 248 2589 Si
269 2525 367 2607 coepit
389 2527 523 2608 locuples
546 2527 661 2591 Gallitta
683 2541 711 2590 et
732 2531 853 2591 Paccius
877 2531 950 2608 orbi,

216 2611 357 2689 Legitima
380 2612 445 2671 bxis
466 2614 588 2672 vestitur
610 2622 670 2675 tota
690 2614 799 2674 libellis
1156 2627 1199 2680 lut

216 2696 366 2771 Porticus,
391 2697 533 2756 exsistunt
555 2698 603 2776 qui
626 2700 793 2777 promittant
814 2698 1023 2767 hecatomben:

217 2778 365 2853 Quatenus
387 2779 434 2840 hio
453 2797 511 2840 nou
530 2790 595 2842 sunt
616 2801 672 2842 neo
694 2782 816 2842 venales
837 2783 995 2860 elephanti,

216 2861 280 2923 Nec
301 2861 381 2922 Latio
404 2872 452 2924 aut
474 2883 593 2945 usquam
615 2865 668 2924 sub
690 2874 790 2925 nostro
817 2866 914 2927 sidero
936 2866 1002 2926 talis

215 2945 317 3006 Bellua
340 2949 518 3025 concipitur,
543 2949 595 3008 sed
617 2949 699 3010 furva
719 2959 808 3026 gente
833 2951 925 3028 petita

215 3028 378 3089 Arboribus
400 3029 513 3092 Rutulis
535 3041 564 3092 et
585 3031 672 3092 'lurni
693 3035 823 3112 pascitur
841 3051 924 3110 agro,
1156 3043 1196 3096 tot

217 3110 352 3173 Caesaris
374 3125 548 3190 armentum,
569 3115 640 3176 nulli
661 3119 772 3177 servire
794 3126 924 3194 paratum

215 3195 344 3264 Privato;
368 3198 510 3276 siquidem
532 3198 621 3274 Tyrio
640 3217 745 3278 parere
769 3200 904 3261 solebant

214 3279 366 3340 Hannibali
389 3291 418 3339 et
434 3282 541 3341 nostris
564 3282 684 3342 ducibus
702 3285 825 3363 regique
847 3283 979 3344 blolosso

215 3361 322 3422 llorum
343 3364 470 3423 maiores
489 3383 525 3425 ac
546 3365 635 3426 dorso
657 3367 737 3427 ierne
761 3367 900 3428 cohortes

214 3445 329 3506 Partem
349 3445 474 3526 aliquam
492 3447 622 3529 bellique
644 3461 673 3510 et
696 3461 810 3511 euntem
829 3454 858 3512 in
875 3451 989 3530 proelia
1006 3461 1124 3512 turrem.
1154 3461 1193 3514 lto

213 3526 299 3588 Nulla
317 3530 404 3606 igitur
425 3547 506 3593 mora
525 3552 580 3612 per
600 3533 738 3611 Novium,
761 3553 842 3596 mora
863 3535 942 3596 nulla
962 3554 1016 3615 per
1035 3534 1160 3596 Histrum
