2460 4004
540 267 576 313 D.
599 267 669 314 IUN.
692 263 877 314 IUVENAlrIS

532 498 764 564 SATIRA
786 500 865 564 XII.

207 613 325 716 Natali,
352 639 494 717 Cortice,
519 641 566 702 die
587 642 654 702 mihi
678 643 791 704 dulcior
814 642 888 704 baec
914 642 974 720 lutt,

209 729 272 802 Qua
295 725 386 785 festus
409 725 552 803 promissa
576 726 637 786 deis
660 727 791 788 animalia
814 745 919 806 cespes

208 812 379 890 Exspectat.
413 807 533 868 Niveam
554 811 673 886 reginae
698 811 827 871 ducimus
849 829 961 888 agnam,

208 897 262 958 l'ar
283 894 378 954 vellus
402 891 516 953 dabitur
537 896 674 970 pugnanti
696 893 833 973 Gorgone
853 892 967 963 llaura;

208 979 267 1040 Sed
288 976 392 1055 procul
415 985 566 1036 extensum
590 977 724 1054 petulans
747 979 837 1057 quatit
857 978 950 1037 hostin
972 979 1068 1039 funem
1172 993 1184 1042 t

208 1061 334 1139 'l'arpeio
357 1069 471 1120 servata
495 1059 558 1120 lovi
583 1059 766 1139 frontemque
788 1070 935 1136 coruscet,
1103 1133 1114 1155 Ι

208 1146 325 1223 Quippe
350 1143 435 1203 ferox
457 1144 582 1220 vitulus,
611 1145 726 1223 templis
750 1154 877 1205 maturus
900 1155 929 1204 et
955 1164 1023 1207 arae

208 1227 456 1306 spargendusque
483 1245 581 1303 mero,
604 1247 690 1307 quem
711 1230 767 1289 iam
789 1228 880 1307 pudet
900 1228 992 1290 ubera
1013 1235 1112 1292 matris

207 1312 342 1384 Ducere,
369 1311 524 1388 quiverat
546 1315 677 1372 nascenti
699 1312 806 1374 robora
828 1329 927 1372 cornu.

207 1397 309 1456 Sires
333 1394 427 1470 ampla
451 1395 526 1454 domi
547 1395 706 1474 similisque
730 1395 881 1456 adseritur
904 1406 994 1472 esset,
1160 1413 1184 1463 to

207 1478 344 1554 Pinguior
365 1477 497 1556 Hispulla
519 1478 682 1540 traheretur
703 1489 801 1540 taurus
825 1489 854 1540 et
878 1481 941 1558 ipsa

206 1560 285 1621 hlole
308 1562 393 1639 piger
414 1579 469 1621 nec
492 1562 607 1622 linitima
629 1564 749 1623 nutritus
771 1564 799 1623 in
820 1562 922 1639 herbo,

206 1644 294 1704 Laeta
317 1644 370 1704 sed
394 1645 550 1705 ostendens
574 1644 707 1706 Clitumni
730 1665 839 1724 pascua
866 1647 983 1724 sanguis

207 1728 266 1788 lret
289 1736 317 1786 et
340 1746 356 1787 a
377 1729 478 1804 grandi
502 1730 603 1788 cervix
625 1730 755 1790 ferienda
779 1731 920 1806 ministro,

208 1810 252 1871 Ob
274 1811 397 1871 reditum
418 1812 588 1889 trepidantis
611 1813 704 1874 adhuc
724 1812 925 1892 horrendaque
948 1815 1028 1893 passi

206 1894 307 1973 Nuper
330 1903 359 1954 et
373 1885 554 1954 incolumem
576 1914 644 1956 sese
664 1899 791 1957 mirantis
814 1899 907 1958 amici.

206 1978 278 2040 Nam
299 1987 417 2057 praeter
442 1979 541 2058 pelagi
563 1997 647 2040 casus
672 1991 701 2040 et
724 1981 847 2041 fulminis
869 1982 943 2042 ictus

206 2062 322 2122 Evasit:
357 2061 465 2122 densae
489 2062 604 2124 coelum
627 2064 808 2125 abscondere
836 2064 974 2126 tenebrae

205 2144 289 2205 Nube
315 2163 370 2205 una
397 2146 567 2225 subitusque
590 2155 737 2208 antemnas
760 2148 871 2227 impulit
894 2149 979 2226 ignis,

208 2227 300 2301 Quum
323 2247 356 2288 se
380 2230 502 2307 quisque
525 2231 576 2290 illo
598 2249 768 2309 percussum
792 2231 927 2293 crederet
953 2243 982 2293 et
1002 2250 1070 2293 mox

207 2312 353 2371 Attonitus
378 2311 485 2372 nullum
508 2314 635 2374 conierri
657 2333 747 2394 posse
770 2325 885 2394 putaret

206 2394 392 2471 Naufragium
414 2395 487 2454 uelis
511 2397 686 2458 ardentibus.
722 2398 821 2460 Omnia
845 2400 914 2460 liunt

213 2478 304 2554 lolia,
327 2487 383 2537 tam
406 2480 550 2556 graviter,
573 2483 598 2540 si
620 2482 734 2560 quando
754 2485 871 2560 poetica
892 2485 984 2561 surgit

206 2561 389 2640 Tempestas.
424 2561 520 2622 Genus
542 2583 614 2624 ecce
636 2565 713 2626 aliud
737 2566 906 2626 discriminis
929 2567 993 2627 audi

202 2641 242 2704 Et
265 2647 406 2704 miserere
426 2647 544 2724 iterum,
569 2667 739 2727 quamquam
762 2652 816 2709 sint
840 2659 939 2711 cetera
962 2653 1051 2712 sortis

206 2727 343 2788 Eiusdem
366 2747 434 2807 pars
456 2730 517 2791 dira
538 2734 673 2811 quidem,
697 2732 750 2793 sed
775 2735 891 2810 cognita
914 2734 1009 2794 multis

205 2811 243 2872 llt
265 2830 348 2890 quam
370 2814 467 2874 votiva
491 2824 631 2876 testantur
652 2817 717 2876 iana
741 2816 851 2876 tabella

205 2895 345 2964 Plurima;
368 2899 496 2975 pictores
519 2901 582 2978 quis
605 2901 699 2959 nescit
721 2899 756 2959 ab
779 2898 856 2959 lside
879 2900 983 2979 pasci?

206 2978 321 3039 Accidit
346 2989 375 3039 et
395 2989 495 3041 nostro
520 2983 620 3042 similis
645 2983 758 3043 fortuna
780 2981 904 3044 Catullo.

206 3061 297 3135 Quum
320 3063 423 3141 plenus
445 3064 532 3125 lluctu
553 3066 664 3127 medius
683 3067 760 3126 loret
780 3066 881 3128 alveus
904 3077 933 3129 et
954 3070 1019 3147 iam,

205 3144 354 3206 Alternum
379 3149 483 3226 puppis
507 3148 581 3207 latus
608 3150 805 3210 evertentibus
830 3150 913 3211 undis

206 3227 328 3289 Arboris
350 3231 495 3306 incertae,
517 3231 623 3291 nullam
647 3233 797 3311 prudentia
820 3235 883 3294 cani

205 3310 339 3372 hectoris
361 3313 509 3374 conlerret
530 3331 632 3393 opem,
657 3315 794 3378 decidere
817 3318 892 3378 iactu

124 3443 127 3448 .
205 3391 311 3472 Coepit
334 3400 528 3473 commutis,
552 3399 675 3458 imitatus
700 3409 831 3477 castora,
859 3402 908 3480 qui
930 3419 963 3461 se

204 3475 372 3537 Eunuchum
394 3481 457 3558 ipse
481 3481 566 3558 iacit,
593 3485 712 3560 cupiens
736 3483 862 3544 evadere
885 3483 987 3544 damno
