2480 4006
436 327 560 375 suarna
583 329 631 377 vr.
994 320 1031 380 37

46 463 103 527 lam
129 466 172 526 ins
195 474 254 534 est3
282 466 399 526 admitte
421 467 517 526 viros!
533 500 574 510 —-
593 465 651 525 Ianr
672 467 775 527 dormit
795 467 922 546 adulter,

45 548 97 610 llla
115 549 196 610 iulret
217 559 331 628 sumpto
354 551 488 610 iuvenem
511 567 672 629 properare
696 550 828 619 cucullo:
983 563 1035 618 330

45 637 75 694 Si
98 633 168 694 nihil
191 642 252 709 est,
280 636 374 694 servis
399 636 567 702 incurritur;
592 633 749 695 abstuleris
771 653 853 714 spem

45 721 219 794 Servorum,
241 719 321 791 venit
343 727 373 778 et
395 717 556 778 conductus
581 719 716 797 aquarius
723 741 730 788 ;
754 718 802 779 lric
824 723 849 780 si

44 802 201 876 Quaeritur
224 809 253 860 et
274 801 379 861 desunt
402 801 551 878 homines,
574 819 656 862 mora
677 803 756 863 nulla
777 819 832 881 per
854 806 956 884 ipsam,
976 827 979 833 ¹

44 885 108 958 Quo
134 887 227 945 minus
251 886 387 964 imposito
412 886 526 946 clunem
548 888 703 947 summittat
724 887 830 947 asello.

43 969 140 1050 Atque
163 970 271 1029 utinam
293 972 364 1030 ritus
387 979 506 1030 veteres
530 979 560 1030 et
584 970 701 1050 publica
725 971 828 1030 saltem

42 1053 91 1112 His
113 1055 221 1114 intacta
242 1054 325 1114 malis
348 1063 506 1132 agerentur
527 1073 625 1115 sacra:
649 1055 701 1115 scd
725 1072 826 1114 omnes

42 1136 193 1197 Noverunt
214 1135 305 1198 Mauri
327 1147 415 1217 atque
438 1137 515 1214 lndi,
539 1157 614 1217 quae
639 1139 760 1218 psaltria
786 1156 891 1218 penem

42 1221 200 1298 llaiorem,
227 1239 312 1301 qnam
339 1232 405 1282 sunt
429 1222 486 1283 duo
515 1221 650 1284 Caesaris
672 1223 874 1301 Anticatones,

42 1305 131 1382 Illuc,
159 1305 287 1366 testiculi
308 1305 364 1367 sibi
387 1307 522 1367 conscius
544 1308 620 1368 unde
642 1308 716 1385 fugit
737 1326 810 1384 mus,

42 1389 188 1466 Intulerit,
212 1388 261 1449 ubi
283 1390 376 1450 velari
398 1393 512 1470 pictura
537 1392 662 1468 iubetur,
773 1449 776 1458 ,
981 1402 1033 1455 340

43 1473 251 1553 Quaecumque
274 1474 392 1534 alterius
416 1492 506 1535 sexus
529 1477 637 1535 imitata
660 1476 780 1553 liguram
803 1485 857 1535 est.

43 1557 76 1616 dt
103 1560 169 1637 quis
192 1567 260 1618 tunc
283 1557 428 1618 hominnm
451 1567 635 1638 contemptor
655 1557 798 1618 numinisl
822 1568 870 1618 aut
894 1559 957 1636 quis

41 1643 219 1721 simpuvium
242 1641 339 1702 ridere
364 1641 475 1703 Numae
500 1645 672 1722 nigrumque
696 1645 820 1702 catinum

41 1723 75 1783 Et
96 1725 242 1785 Vaticano
264 1726 386 1804 fragiles
409 1727 564 1788 demente
588 1727 715 1807 patellas

42 1809 137 1869 Ausus
165 1806 248 1869 erat?
271 1811 324 1870 sed
346 1829 421 1872 nunc
443 1813 478 1872 ad
502 1831 574 1892 quas
598 1829 657 1872 non
681 1809 801 1872 Clodius
824 1809 911 1870 aras?
979 1820 1031 1873 343

79 1893 196 1970 Audio,
221 1895 289 1972 quid
312 1905 430 1956 veteres
453 1897 521 1956 olim
544 1897 687 1956 moneatis
712 1897 810 1954 amici:

41 1977 118 2038 Pone
144 1995 256 2052 seram,
282 1977 535 2055 prohibei-Sed
550 1983 614 2058 quis
625 1979 771 2039 custodiet
797 1977 878 2056 ipsos

43 2057 210 2120 Custodes?
236 2069 319 2120 cauta
345 2071 391 2121 est
413 2072 442 2122 et
464 2062 499 2122 ab
521 2063 580 2122 illis
603 2064 704 2141 incipit
729 2078 812 2122 uxor.

41 2143 159 2225 lamque
184 2143 286 2204 eadem
308 2147 424 2205 summis
446 2147 556 2224 pariter
576 2148 756 2225 minimisque
781 2145 881 2220 libido,
940 2173 943 2180 ·

42 2227 101 2288 Nec
124 2227 246 2304 melior,
273 2228 386 2289 silicem
410 2230 533 2310 pedibus
557 2249 632 2311 quae
653 2231 778 2291 conterit
800 2239 900 2306 atrurn,
978 2241 1031 2294 350

42 2311 132 2384 Quam
158 2329 233 2391 quae
256 2313 410 2391 longorum
435 2314 549 2375 vehitur
569 2317 686 2376 cervice
708 2316 856 2392 Syrorum.

42 2395 76 2455 Ut
98 2405 218 2475 spectet
241 2397 342 2474 ludos,
372 2399 507 2460 conducit
530 2399 653 2478 Ogulnia
676 2410 798 2476 vestem,

43 2477 185 2540 Condncit
207 2483 344 2558 comites,
368 2483 487 2560 sellam,
512 2485 656 2560 cervical,
682 2486 801 2558 amicas,

42 2561 189 2624 Nutricem
214 2573 243 2623 et
266 2565 384 2644 flavam,
410 2569 456 2628 cui
480 2567 701 2644 ternadena,
725 2568 861 2647 puellam.

43 2646 119 2708 Haec
141 2657 238 2710 tamen
259 2652 372 2727 argenti
394 2661 530 2730 superest
552 2653 755 2730 quodcumque
779 2654 891 2729 paterni
977 2661 1027 2714 355

43 2729 164 2792 levibus
187 2731 302 2794 athletis
327 2745 356 2795 et
380 2753 451 2794 vasa
474 2737 630 2795 novissima
652 2737 749 2795 donat.

43 2813 135 2876 Nullis
157 2835 207 2876 res
229 2827 351 2896 angusta
374 2819 467 2878 domi:
492 2820 545 2878 sed
566 2819 643 2878 nulla
669 2819 811 2896 pudorem

44 2897 221 2978 Paupertatis
243 2900 349 2979 habet,
371 2920 428 2963 nec
450 2920 484 2962 se
504 2904 620 2961 metitur
642 2902 677 2962 ad
702 2901 793 2976 illurn,

45 2979 133 3053 Quem
154 2983 233 3045 dedit
252 2985 327 3046 haec
344 2988 500 3065 posuitque
520 2985 644 3044 mudum.
673 2984 781 3044 'lamen
800 2984 871 3043 utile
894 2985 959 3063 quid
978 2986 1025 3059 sit,

44 3064 222 3146 l'rospiciunt
244 3070 399 3148 aliquando
421 3071 490 3145 viri,
513 3069 663 3147 frigusque
685 3070 847 3146 famemque
975 3078 1027 3132 360

44 3147 173 3213 Formica
194 3154 309 3214 tandem
332 3154 446 3233 quidam
467 3171 615 3233 expavere
636 3154 789 3232 magistra:

46 3229 164 3313 Prodiga
186 3253 245 3296 non
266 3241 354 3298 sentit
374 3248 545 3318 pereuntem
566 3238 671 3298 lamina
694 3255 827 3305 censum;

47 3315 87 3376 dc
109 3319 191 3380 velut
213 3321 354 3383 exhausta
377 3323 523 3384 redivivus
546 3323 670 3402 pullulet
692 3340 759 3383 arca

47 3398 176 3464 Nummus
199 3413 228 3466 et
252 3424 269 3466 e
291 3406 379 3485 pleno
404 3407 522 3468 tollatur
546 3425 663 3487 semper
684 3423 804 3482 acervo,

48 3481 106 3545 Non
126 3507 258 3569 umquam
280 3499 431 3569 reputant,
454 3495 550 3570 quanti
572 3492 627 3552 sibi
649 3491 752 3569 gaudia
776 3497 916 3550 constent.
973 3499 1024 3555 333

86 3571 156 3632 Sunt
177 3592 249 3653 quaa
274 3575 397 3636 eunuchi
422 3576 555 3636 imbelles
577 3596 611 3636 ae
635 3576 733 3636 mollia
755 3593 872 3654 semper
