2480 4006
437 275 644 324 PRAEFATIO.
958 282 1029 330 xxv

46 437 152 480 necesse
163 421 243 476 luerit.
255 451 297 462 -
306 419 334 477 V.
341 422 401 478 237.
413 424 465 478 238
476 421 596 490 quomodo
608 422 711 491 scriptos
722 438 736 477 a
747 429 817 494 poeta
827 438 963 490 censerem,
975 426 1030 482 vin·

46 507 99 561 dic.
111 522 138 577 p.
149 507 182 560 12
195 503 284 574 aperui,
296 517 375 574 noque
386 519 450 558 nunc
459 509 563 560 retracto
575 504 638 575 quod
650 506 707 574 illic,
719 507 884 578 ntgeuuinam
898 511 1031 564 sententiae

47 590 156 645 sormam
168 601 347 657 recuperemus,
359 587 490 658 legendum
502 601 554 642 esse
564 588 698 657 suspicatus
713 605 783 645 sum:

136 670 307 744 malleosque
322 685 401 724 morae
411 677 495 742 pacem
512 677 537 725 ct
547 677 649 726 semmua
665 673 757 728 adulter

136 753 231 810 additur
240 753 331 808 interea
340 753 395 808 silet
405 761 428 808 et
433 754 562 825 praeputia
572 755 650 818 ducit,

48 851 80 892 ne
90 843 173 891 tamen
190 837 241 907 ipsa
252 837 277 891 in
293 836 366 892 verba
382 837 493 892 licentius
504 852 637 909 grassarer,
656 855 678 895 v.
690 843 743 898 238
754 839 807 894 silet
818 854 861 910 pro
870 846 952 911 paud,
965 842 1028 911 quod

47 920 139 990 inipso
155 919 217 992 Pith.
231 927 281 988 est,
298 920 424 974 restituere
434 921 519 992 sategi.
536 951 579 960 —
594 921 622 977 V.
640 925 693 980 270
710 939 781 996 quam
789 923 873 994 pravis
884 922 954 988 Pith,
973 931 1029 980 tunc

47 1003 133 1072 pravis
150 1003 217 1058 lahn.
238 1019 260 1058 c.
281 1003 401 1074 plurimis,
419 1011 499 1072 recle,
515 1005 535 1058 si
552 1019 653 1074 sequens
669 1006 800 1062 versiculus
816 1007 936 1078 genumus
952 1013 1029 1070 essem

48 1102 114 1141 nunc
127 1086 181 1157 ipsa
192 1086 338 1142 obscuritate
347 1093 485 1157 suspectum
501 1088 586 1142 melior
595 1087 635 1142 illa
646 1090 775 1144 auctoritas
785 1090 875 1144 secludi
894 1091 975 1145 suasit.
990 1117 1026 1130 -

51 1198 88 1208 —
102 1169 131 1223 V.
143 1173 195 1228 203
205 1163 378 1226 iotos'editnres
388 1171 496 1242 plerique
507 1186 561 1226 cum
573 1171 694 1242 Nogarola
705 1179 729 1226 et
738 1172 851 1238 Pithoeo,
862 1173 969 1244 quamvis
979 1189 1029 1227 am·

48 1252 125 1324 higna
136 1251 253 1308 librorum
263 1253 321 1319 lide,
338 1269 440 1326 quorum
455 1255 551 1325 plurimi
572 1252 660 1319 lauros,
681 1255 825 1312 pithoeanus
840 1253 914 1312 ladon
925 1255 1028 1321 exhibet,

48 1335 162 1408 huncque
174 1335 269 1392 Iahnius
280 1343 377 1392 secutus
388 1344 437 1400 est3
454 1344 478 1392 at
489 1339 628 1410 nou-agitur
640 1337 670 1393 de
683 1339 775 1394 luxuria
785 1339 893 1395 Romana
911 1355 953 1410 per
962 1347 1029 1394 exte-

49 1436 88 1474 ras
113 1425 200 1492 gentes
224 1418 369 1492 propagata,
393 1421 436 1476 sed
458 1421 488 1476 de
509 1421 583 1490 ipsius
602 1420 668 1476 urbis
684 1422 792 1478 moribus
809 1438 868 1492 pace
884 1429 909 1477 et
928 1423 1028 1492 imperio

1 1548 2 1551 ,
50 1503 186 1573 corruptis,
204 1517 250 1558 nec
259 1503 330 1559 colla
340 1501 420 1558 Indiae
429 1505 510 1573 potius
521 1519 593 1576 quam
604 1503 696 1559 Romae
712 1506 867 1567 conveniunt;
884 1507 963 1574 recepi
981 1507 1027 1576 igi-

49 1593 90 1642 tur
101 1586 166 1657 quod
179 1587 330 1642 coniecturae
346 1592 411 1641 certe
429 1601 512 1641 onmes
520 1601 634 1642 numeros
643 1588 733 1657 implet.
748 1615 784 1626 —
803 1587 831 1644 V.
842 1590 902 1644 307.
913 1587 1026 1644 308166-

50 1671 106 1724 nius
118 1683 172 1724 eum
183 1669 303 1742 Madvigio
313 1670 465 1739 transposuit,
479 1671 621 1740 astipulante
631 1671 703 1724 etiarn
713 1671 733 1726 l.
746 1670 773 1726 E.
781 1671 809 1726 Β.
818 1671 913 1741 ldayore
923 1671 948 1724 in
959 1671 1026 1726 lour-

49 1753 89 1808 ual
101 1752 130 1807 oi
137 1752 244 1808 classical
255 1753 301 1808 and
311 1753 394 1808 sacred
406 1751 530 1824 philology
541 1755 621 1821 1854,
632 1769 656 1822 p.
668 1757 716 1822 91,
729 1754 844 1810 librorum
854 1761 934 1808 tamen
944 1761 1025 1810 aucto·

50 1837 122 1891 ritum
134 1836 203 1892 valde
213 1836 315 1909 exigua,
332 1835 417 1908 qruhras
429 1836 487 1891 illud
498 1837 573 1892 fraudi
584 1851 637 1891 esse
647 1843 753 1906 poterat,
771 1838 835 1908 quod
845 1853 867 1892 v.
879 1840 930 1895 307
943 1852 1025 1892 enon-

51 1920 123 1974 nnllis
134 1919 234 1990 ipsoque
245 1918 374 1974 Pithoeano
386 1927 479 1974 mature
490 1921 593 1986 excidit,
607 1934 685 1990 neque
697 1935 769 1974 sensu
779 1924 896 1990 urgente,
908 1920 948 1988 qui
958 1920 1026 1974 uobi-

51 2003 101 2058 lem
112 2017 205 2073 quoque
215 2002 339 2058 mulierem
350 2001 490 2057 PudIcitiam
504 2002 601 2056 irridere
612 2002 712 2071 patitur,
729 2003 750 2056 si
761 2017 816 2056 cnm
833 2001 926 2056 famoso
936 2008 1025 2065 scorto,

53 2085 150 2156 qualem
160 2085 265 2140 llauram
276 2085 326 2141 Sal.
338 2085 368 2142 lt
380 2089 432 2144 224
442 2086 578 2152 noscimus,
593 2085 656 2139 illius
667 2100 732 2140 aram
749 2084 868 2156 praeterit.
884 2113 924 2122 —
935 2084 962 2138 V.
973 2089 1023 2143 347

51 2167 163 2242 modiis,
175 2169 239 2239 quod
250 2171 273 2223 in
283 2168 345 2224 Pith.
359 2175 409 2233 est,
430 2183 473 2223 cur
483 2168 578 2223 Iahnius
588 2169 687 2240 uulgato
704 2167 782 2224 nolula
792 2167 959 2238 posthaberet,
970 2183 1027 2222 can-

51 2267 102 2306 sam
114 2251 188 2309 inisse
198 2253 223 2306 in
234 2252 324 2308 Vindio.
337 2267 361 2322 p.
373 2255 390 2310 9
401 2252 499 2323 negaui,
516 2251 652 2323 ibidemque
662 2252 756 2307 delendi
766 2268 789 2308 v.
799 2253 851 2309 382
864 2259 1024 2316 amoenatur,

51 2336 114 2406 quod
133 2335 174 2389 ille
184 2334 315 2390 lllarllandi
332 2335 483 2390 coniecturae
496 2335 624 2406 prohdolor
640 2335 724 2390 cedere
734 2335 816 2400 iussit;
833 2336 928 2391 mallem
938 2349 961 2392 v.
973 2339 1022 2394 371

51 2424 198 2490 aspersator
213 2419 347 2488 scripsisset
356 2433 399 2488 pro
412 2423 535 2490 medates
548 2417 613 2490 qarod
623 2417 670 2473 iam
682 2434 695 2473 a
706 2418 829 2474 Pithoeani
839 2434 912 2474 manu
922 2418 1026 2473 secunda

52 2507 187 2557 correctum
205 2517 302 2572 prorsus
319 2503 419 2556 alienam
437 2501 567 2574 imaginem
583 2501 640 2556 huic
658 2502 811 2572 descriptioni
829 2502 943 2558 admiscet
954 2502 1026 2572 inque

51 2591 115 2640 tanta
127 2585 251 2657 utriusque
262 2585 327 2640 uerbi
338 2585 488 2650 confusione,
502 2586 570 2640 euius
581 2585 651 2640 etiam
663 2585 712 2640 Vll.
724 2591 758 2643 22
769 2585 906 2656 exemplum
919 2585 959 2640 dat
970 2585 1026 2638 alia-

51 2683 96 2739 que
113 2667 275 2723 llichstadtius
296 2668 422 2740 inPrngr.
440 2675 543 2738 prorect.
562 2668 654 2723 lenensi
667 2673 734 2726 ueto
753 2685 776 2739 p.
797 2675 827 2726 ll
846 2669 937 2733 attulit,
960 2669 1026 2722 omni

52 2751 193 2807 emendandi
209 2751 349 2807 difficultate
366 2758 444 2814 earet;
462 2767 507 2806 nec
517 2768 540 2809 u.
552 2753 603 2810 385
614 2752 697 2816 laudo,
710 2752 773 2822 quod
784 2750 850 2822 Appi
860 2750 962 2806 nominis
973 2765 1025 2804 mu-

51 2834 132 2890 lierem
150 2849 206 2890 cum
224 2833 351 2890 scholiasta
367 2851 438 2907 (pram
448 2833 501 2891 Aeli
517 2850 572 2890 cum
584 2835 680 2888 heinsio
699 2835 810 2904 amplecti
828 2834 924 2896 maluit,
943 2847 990 2900 quo
1002 2839 1026 2885 et

52 2918 160 2974 codicum
173 2918 246 2973 lectio
256 2918 301 2974 alti
316 2917 488 2974 ethelmerum
504 2919 593 2972 mentio
605 2923 743 2988 antegressa
759 2915 869 2971 ducebat.
883 2941 919 2954 -·
934 2914 961 2967 V.
975 2917 1025 2972 459

50 3002 155 3056 ostensas
164 3016 209 3072 pro
220 3001 322 3057 nomes
331 3003 369 3057 vel
380 3009 462 3058 contra
472 3001 628 3056 Pithoeanum
639 2999 785 3054 constantiae
796 2999 864 3064 dedi,
877 3012 937 3070 quae
951 2996 1025 3052 hicet

51 3082 100 3138 Sat.
112 3085 165 3140 llll.
178 3091 194 3144 5
207 3085 306 3140 eandem
318 3085 419 3140 tonnam
430 3085 536 3140 exhiberi
547 3084 650 3146 iuberem
668 3098 726 3138 mou
740 3089 819 3137 autem
837 3099 859 3140 v.
871 3085 920 3140 461
930 3085 1025 3140 -463

51 3169 149 3237 pristino
161 3167 238 3224 ordini
250 3169 358 3236 restitui,
370 3184 441 3241 quem
452 3169 540 3224 nollem
551 3167 646 3222 Iahnius
658 3181 713 3222 cum
726 3165 846 3238 Madvigio
857 3166 890 3220 ita
900 3171 1024 3230 mutasset,

51 3257 77 3304 ut
87 3266 109 3308 v.
122 3255 175 3310 464
183 3279 220 3292 ·-
229 3255 282 3310 466
292 3258 454 3322 anteponeret.
478 3251 624 3322 Madvigium
634 3250 723 3305 inemec
735 3250 816 3314 movit,
829 3250 892 3321 quod
904 3265 951 3304 non
964 3249 1025 3304 arhi-

51 3340 99 3389 tror
109 3335 261 3390 commodius
272 3336 301 3392 ad
318 3335 403 3408 foliotc
413 3335 514 3390 amadus
526 3341 614 3406 porum
625 3348 695 3406 quam
706 3334 735 3389 ad
747 3348 801 3388 eum
814 3338 924 3388 ornatum
934 3333 1025 3396 referri,

53 3417 90 3487 qui
100 3434 122 3475 v.
133 3423 187 3477 458
198 3419 354 3483 describitnr;
369 3434 415 3474 nec
427 3418 522 3474 moechi
533 3433 589 3473 cura
600 3417 641 3473 sed
653 3417 784 3472 domestica
796 3416 898 3472 foeditas
909 3422 980 3486 caput
992 3415 1025 3470 rei

52 3507 99 3568 est,
117 3508 263 3573 quapropter
280 3503 352 3558 etiam
368 3502 523 3558 intolerabilis
535 3501 623 3557 semina
640 3501 707 3557 dives
722 3501 801 3564 audit;
818 3499 876 3555 hinc
885 3500 960 3571 igitur
970 3513 1025 3568 pro·

50 3582 110 3642 lecta
121 3587 198 3642 oratio
209 3587 236 3642 in
247 3593 384 3642 transcursu
395 3591 487 3642 tantum
499 3585 590 3641 maritis
600 3585 714 3662 moechos
725 3584 837 3656 opponit,
850 3583 877 3638 ad
891 3597 951 3654 quos
961 3580 1026 3636 solos
