2480 4006
454 253 661 302 PRAEFATIO.
997 257 1044 304 XV

66 401 195 468 -300),
212 411 312 468 eamque
321 411 365 467 per
380 403 509 451 nocturnas
520 397 701 452 comissationes
717 398 753 464 (v.
765 401 817 455 301
828 403 936 468 -313)
948 400 1045 455 clande-

63 484 230 552 stinamrnque
251 481 397 552 religionum
413 481 553 550 spurcitiem
579 480 824 549 (1.314-351),
842 498 885 552 per
902 483 1044 539 immodicos

64 573 178 636 sumptus
188 565 202 630 (
208 581 231 619 v.
244 567 295 622 352
305 592 342 603 -
350 564 435 632 365),
447 570 530 634 turpes
541 578 635 619 amores
646 564 682 630 (v.
691 567 742 622 366
750 591 787 604 -
796 568 870 632 397),
883 569 1043 638 arrogantiam

65 652 104 717 (v.
111 650 279 717 aee—412),
292 647 438 702 iracundiam
446 646 649 718 (vale-418)
661 648 820 719 stolidumque
830 649 868 703 vel
879 651 1044 721 gymnasticae

64 735 103 801 (v.
115 735 168 790 419
176 761 213 770 -
222 733 288 801 433)
305 731 344 786 vel
357 732 529 802 grammaticae
541 731 682 786 eruditionis
693 732 878 787 ostentationem
895 734 932 799 (1.
944 735 1041 791 431-

63 819 131 885 455)
143 816 173 871 ad
184 815 331 871 domesticae
341 815 462 870 foeditatis
473 830 557 870 arcana
567 816 717 887 persequitur
734 816 770 883 (ν.
782 818 1044 887 457-473);11(11

64 902 112 956 iam
122 907 207 972 quarta
216 899 302 954 satirae
318 914 373 970 pars
384 899 492 970 proiecta
503 905 528 954 et
544 900 705 971 quotidianam
716 907 820 955 matmm
830 901 931 956 tamdias
940 901 1043 957 erudeli·

63 992 139 1040 tatem
151 983 187 1050 (v.
198 985 294 1041 474—
302 985 367 1052 507)
378 989 403 1037 et
413 983 527 1039 nefandas
542 984 723 1053 superstitiones
736 984 826 1054 aperit,
838 985 925 1056 quibus
934 1000 1044 1040 summae

62 1069 153 1138 pariter
163 1073 235 1139 atque
245 1065 342 1122 infimae
352 1067 495 1123 conditionis
505 1067 617 1122 mulieres
628 1083 726 1138 operam
743 1069 801 1124 dent
812 1069 848 1134 (1.
861 1073 961 1127 508-
968 1072 1042 1139 591),

62 1153 109 1207 nisi
121 1152 186 1224 qnod
193 1149 239 1206 bae
250 1151 336 1206 saltem
347 1150 428 1220 liberis
439 1151 592 1222 procreandis
599 1151 680 1206 officio
691 1165 764 1206 sexus
774 1158 893 1216 constent
908 1152 963 1207 illae
973 1153 1043 1208 abor·

62 1235 141 1301 tibus,
162 1235 340 1306 suppositione,
353 1235 466 1291 caedibus
481 1235 520 1290 vel
534 1235 629 1307 tragica
644 1236 753 1306 exempla
768 1236 1042 1306 1111111105θῖ-

61 1320 137 1388 eet).
171 1317 322 1390 Quamquam
338 1319 421 1389 paucis
438 1319 476 1374 his
501 1319 570 1374 lineis
587 1319 706 1374 uberrima
723 1319 912 1391 eloquentissimi
930 1319 1041 1374 carminis

60 1403 144 1475 imago
160 1418 209 1458 nou
226 1401 369 1464 absolutum
386 1403 410 1458 id
426 1404 506 1473 ipsum
516 1411 596 1457 ‘tamen
607 1418 681 1474 quum
692 1418 769 1472 nuper
779 1403 884 1475 eleganti
901 1403 1041 1473 interpreta-

59 1487 128 1542 tione
136 1485 304 1541 illustrandum
317 1485 363 1540 sibi
374 1488 526 1556 proposuerit
535 1486 689 1541 muliebrium
704 1493 854 1540 secretorum
865 1487 1041 1555 experientissi-

59 1585 117 1624 mus
131 1569 226 1642 collega
237 1568 362 1624 Eduardus
378 1569 408 1624 de
419 1569 533 1635 Siebold‚
552 1569 583 1625 ad
595 1569 666 1624 buius
677 1571 876 1624 commentarium
892 1569 1041 1642 Bmusvigae
1111 1569 1117 1579 '

58 1655 131 1710 1854
149 1653 240 1708 editum
249 1653 381 1708 lectoribus
397 1653 503 1709 remissis
514 1653 578 1710 tertii
589 1652 643 1708 libri
659 1653 744 1708 satiras
753 1660 782 1708 nt
791 1653 882 1708 ambitu
893 1653 997 1708 minores
1007 1654 1040 1708 ita

57 1735 89 1790 ad
101 1735 346 1792 circumscribendum
364 1737 523 1807 expeditiores
542 1737 697 1792 inveniemus.
726 1737 819 1808 Nempe
835 1737 935 1808 septim
948 1737 1040 1792 studio·

56 1833 112 1874 rum
132 1826 157 1874 et
167 1835 235 1890 spem
252 1825 278 1873 et
295 1821 413 1874 rationem
424 1837 521 1876 omnem
538 1823 563 1875 in
574 1821 631 1874 solo·
646 1821 789 1890 imperatore
799 1822 901 1890 positam
919 1822 1032 1892 agnoscit

55 1918 132 1976 quem
147 1903 276 1956 baianum
290 1901 428 1957 habendum
446 1919 500 1958 esse
518 1905 542 1957 in
558 1903 670 1956 Prooem.
680 1903 736 1956 lect.
748 1901 813 1957 Gott.
831 1906 899 1960 1843
916 1905 1001 1967 certis,
1012 1910 1038 1958 ut

55 1984 214 2047 mihivideor‚
228 1985 377 2054 argumentis
387 1985 459 2047 evici;
470 1985 542 2040 huius
553 1990 633 2040 autem
644 1985 873 2055 bonorempraefata
885 1987 921 2052 (1.
932 1989 1038 2056 1-21)

55 2068 122 2140 apud
136 2067 241 2139 reliquos
253 2067 364 2138 aequales
373 2068 438 2123 nulla
450 2069 525 2124 literis
535 2069 638 2138 praemia
649 2075 690 2124 aut
699 2069 816 2139 praesidia
826 2075 908 2140 parata
918 2085 971 2124 esse
981 2085 1038 2142 que·

56 2154 118 2208 ritur
127 2151 288 2222 miseramque
305 2150 452 2206 emditomm
463 2153 624 2208 conditionem
641 2168 684 2223 per
697 2153 802 2224 quinque
813 2168 903 2226 genera
914 2161 1039 2224 poetamm

57 2236 91 2300 (1.
103 2240 139 2292 11
148 2237 256 2305 -97),
274 2233 444 2291 historicomm
458 2237 495 2305 (v.
506 2241 541 2296 98
553 2240 673 2307 -105),
695 2237 870 2293 causidicorum
888 2237 924 2305 (1.
938 2243 1038 2296 106-

57 2321 136 2393 149),
152 2318 277 2378 rhetorum
289 2321 325 2389 (v.
339 2325 391 2378 150
402 2324 527 2392 -214)‚
539 2322 752 2393 grammaticorum
775 2321 811 2389 (r.
823 2326 875 2381 215
883 2350 920 2361 —
928 2324 993 2391 243)
1005 2322 1038 2376 ita

56 2407 183 2473 describit,
200 2413 228 2461 ut
239 2420 296 2460 cum
307 2405 476 2476 opulentorum
492 2405 603 2461 sordibus
612 2406 685 2462 simul
700 2412 782 2461 tamen
793 2407 870 2476 ipsam
881 2407 982 2460 istorum
992 2403 1037 2460 bo·

57 2492 148 2545 minum
158 2491 287 2545 vanitmem
298 2489 328 2544 ad
339 2489 399 2544 lucri
410 2490 545 2560 cupidinem
553 2491 711 2561 compositam
721 2491 798 2546 rideat
804 2505 882 2562 eoque
892 2491 956 2546 sacto
968 2489 1037 2544 sune·

58 2580 118 2629 etam
135 2575 251 2645 pecuniae
261 2573 311 2628 rim
328 2573 353 2626 in
364 2571 411 2628 hoc
421 2589 515 2646 quoque
525 2589 616 2646 genere
628 2575 726 2646 ancipiti
737 2590 837 2630 censura
848 2580 924 2629 notet.
953 2573 1038 2644 Neque

59 2665 154 2714 naccae
168 2659 248 2712 minus
258 2656 381 2712 luculenta
392 2657 519 2727 descriptio
530 2665 581 2721 est;
594 2661 663 2714 ouius
673 2673 748 2731 quum
758 2659 896 2714 uiuaersum
907 2671 1036 2728 argumen-

58 2745 107 2796 tum
118 2743 143 2796 in
153 2741 240 2797 stolida
250 2741 381 2796 nobilitatis
398 2743 533 2812 arrogantia
546 2749 667 2807 versetur,
679 2742 743 2796 unde
754 2741 881 2795 Ponticum
898 2741 1036 2794 adolescen-

58 2831 104 2879 tem
114 2826 144 2880 ad
153 2826 248 2880 virtutis
259 2826 335 2879 avitae
346 2824 503 2880 imitationem
514 2825 639 2879 traducere
645 2825 733 2886 studet,
745 2823 850 2892 primum
857 2823 974 2876 maiorum
985 2822 1036 2875 lan·

59 2906 124 2972 dem,
143 2908 190 2962 nisi
204 2915 358 2978 posterorum
374 2910 465 2963 meritis
482 2913 609 2978 aequetur,
629 2906 667 2960 his
685 2907 743 2976 ipsis
759 2905 857 2960 officere
874 2905 953 2976 magis
964 2919 1035 2976 quam

58 2991 169 3057 prodesse
179 2993 284 3047 ostendit
296 2993 333 3058 (v.
346 2999 407 3048 1—
372 2995 481 3061 —70);
495 2990 581 3046 demde
590 2989 665 3044 nobili
675 2989 834 3053 adolescenti
853 3005 894 3061 qur
887 2987 1034 3044 maioribus

59 3071 143 3144 dignus
153 3075 206 3130 fieri
222 3077 316 3146 cupiat,
335 3091 409 3148 quum
421 3077 466 3132 alia
477 3080 604 3145 praecepta
619 3079 671 3128 tum
681 3073 818 3143 provinciae
828 3080 894 3128 recte
904 3080 929 3128 et
939 3073 1034 3168 integre

60 3156 254 3214 administrandae
269 3161 339 3256 leges
356 3160 397 3214 dat
413 3160 449 3227 (r.
463 3161 541 3215 71-
504 3160 629 3227 -;141)
641 3156 698 3212 hinc
709 3157 739 3212 ad
749 3158 839 3230 reliqua
849 3157 966 3212 nobilium
976 3139 1032 3211 vitia

60 3243 203 3316 transgressa
219 3243 459 3340 generosissimarum
485 3242 627 3298 saniliamm
650 3241 736 3312 probra
752 3242 896 3312 turpissimis
913 3241 1031 3308 Laterani,

59 3319 199 3398 Damasippi,
213 3325 332 3382 Gracchi
324 3342 447 3399 ipsiusque
455 3327 557 3382 Neronis
567 3326 683 3396 exemplis
693 3326 847 3396 proponit(v
857 3327 1032 3394 111-130);

60 3415 174 3471 ltsstremo
185 3417 214 3466 ut
224 3411 338 3466 virtutem
353 3412 430 3468 solam
440 3417 511 3483 atque
521 3411 616 3466 unicam
626 3409 775 3466 nobilitatem
788 3425 840 3465 esse
849 3409 920 3480 plene
931 3410 1031 3465 demon-

60 3492 113 3546 tirel
119 3502 280 3566 ,comparata
291 3495 409 3550 nobilium
426 3494 616 3568 ignobiliumque
632 3495 758 3550 hominum
770 3495 886 3550 memoria
896 3493 1030 3548 tothorum

60 3565 167 3634 beneficia
178 3586 238 3650 quot
248 3579 344 3634 illorum
353 3579 446 3652 flagitia
458 3585 567 3634 constare
577 3579 649 3636 docet
663 3580 875 3649 (1.131-168)
886 3589 1029 3648 quamquam
