2460 4004
224 259 264 319 58
568 270 603 316 o.
626 271 697 317 rurr.
720 269 907 317 ruvnnnnrs

225 410 315 486 Finge
338 417 434 468 tamen
457 407 570 484 gladios
592 409 658 468 inde
681 417 766 485 atque
790 407 856 467 hinc
880 407 991 485 pulpita
1015 411 1099 487 poni:
1162 424 1195 473 1⁸1

225 492 301 566 Quid
322 489 432 552 satius?
455 500 577 551 mortem
597 493 641 551 sic
663 492 812 570 qnisquam
835 490 1001 565 exhorruit,
1024 501 1055 552 ut
1078 495 1116 552 sit

225 575 386 654 Zelotypus
410 575 584 650 Thymeles,
605 575 711 652 stupidi
734 575 852 651 collega
872 570 1022 634 Corinthi?

225 659 284 719 lies
306 658 382 719 haud
401 661 471 718 mira
492 667 602 734 tamen,
625 657 793 718 citharoedo
817 659 964 736 principe,
988 661 1089 718 mimus

225 742 348 803 Nobilis.
378 741 459 802 llaec
482 742 556 802 ultra
579 741 647 820 quid
673 741 728 800 erit
751 743 804 799 nisi
830 738 935 801 indust
958 750 987 802 et
1009 741 1069 802 illic

224 825 361 886 Dedecus
383 825 461 884 urbis
483 824 592 899 habes,
613 843 668 884 nec
691 824 869 884 mirmillonis
890 827 918 883 in
941 827 1037 900 armis,

224 909 287 970 Nec
310 909 407 987 clipeo
431 907 590 968 Gracchum
613 915 787 985 pugnantem
809 917 857 968 aut
878 908 955 968 ialce
978 911 1096 988 supina

224 993 347 1052 Damnat
371 993 445 1051 enim
467 991 541 1050 tales
562 991 686 1063 babitus,
705 991 747 1068 let
771 992 884 1051 damnat
905 1001 935 1052 et
955 993 1026 1068 odit,

224 1075 288 1135 Nec
309 1075 395 1153 galea
418 1075 523 1134 faciem
544 1072 729 1151 abscondit:l
752 1083 851 1133 movet
873 1091 946 1132 ecce
966 1076 1121 1136 tridentem
1145 1088 1181 1152 et,

225 1160 379 1238 Postquam
400 1158 512 1217 vibrata
534 1159 688 1236 pendentia
706 1158 779 1217 retia
804 1158 906 1218 dextra

224 1242 405 1320 Nequiquam
428 1241 545 1316 effudit,
574 1243 679 1302 nudum
700 1243 736 1302 ad
760 1242 928 1320 spectacula
951 1243 1059 1303 vultum
1160 1257 1201 1310 not

225 1326 319 1402 Erigit
340 1335 369 1385 et
389 1335 450 1385 tota
474 1325 548 1402 fugit
569 1325 772 1402 agnoscendus
795 1319 892 1385 arena.

226 1406 384 1469 Gredamus
406 1409 537 1484 tunicae,
561 1409 597 1469 de
620 1409 752 1470 lancibus
776 1427 863 1468 aurea
888 1427 972 1486 quum
995 1428 1028 1468 se

225 1493 358 1570 Porrigat
379 1502 408 1552 et
428 1493 517 1570 longo
540 1494 663 1553 iactetur
684 1494 762 1571 spira
782 1489 904 1570 galero?

225 1575 305 1653 Ergo
328 1578 511 1653 ignominiam
532 1579 697 1654 graviorem
719 1576 837 1654 pertulit
860 1577 936 1634 omni

225 1660 354 1719 Vulnere
377 1678 441 1720 cum
464 1660 596 1721 Graccho
620 1662 716 1718 iussus
739 1677 869 1736 pugnare
892 1669 1018 1719 secutor.
1162 1674 1202 1725 ort

267 1742 370 1802 Libera
389 1746 414 1802 si
438 1743 541 1802 dentur
561 1743 671 1821 populo
695 1743 848 1819 sullragia,
875 1746 939 1821 quis
961 1753 1017 1803 tam

226 1819 374 1902 Perditns,
397 1835 429 1886 ut
451 1825 560 1886 dubitet
585 1829 727 1886 Senecam
750 1827 900 1904 praeferre
923 1825 1043 1904 Neroni,

228 1907 314 1969 Guius
333 1909 478 1988 supplicio
502 1928 560 1970 non
582 1911 680 1971 debuit
705 1927 760 1970 una
785 1912 881 1988 parari

227 1995 313 2054 Simia
335 2012 391 2054 nec
415 2012 537 2072 serpens
559 2013 631 2055 nnus
652 2013 708 2054 nec
733 1993 844 2054 culleus
867 1991 961 2052 unns?

227 2075 280 2138 Par
300 2077 564 2154 Agamemnonidae
588 2081 711 2154 crimen,
735 2077 788 2138 sed
812 2095 899 2138 causa
920 2078 989 2137 iacit
1011 2096 1074 2138 rem
1162 2091 1221 2143 tltr

227 2158 417 2219 Dissimilem:
441 2163 549 2239 quippe
571 2162 622 2222 ille
644 2163 706 2221 deis
726 2161 893 2221 auctoribus
915 2161 993 2220 ultor

225 2242 316 2303 Patris
339 2253 402 2302 erat
425 2247 504 2303 caesi
525 2245 618 2304 media
642 2247 717 2304 inter
737 2245 857 2322 pocula;
882 2245 935 2304 sed
957 2263 1013 2304 nec

225 2325 363 2386 Electrae
389 2327 489 2404 iugulo
513 2346 546 2388 se
569 2328 673 2406 polluit
698 2338 746 2389 aut
769 2330 902 2407 Spartani

225 2411 372 2486 Sanguine
395 2411 536 2488 coniugii,
561 2412 646 2472 nullis
669 2414 783 2472 aconita
808 2411 977 2490 propinquis

224 2492 358 2569 Miscuit,
381 2495 410 2552 in
438 2511 526 2555 scena
547 2513 699 2574 numquam
722 2497 846 2556 cantavit
871 2494 1002 2570 Orestes,
1162 2507 1207 2559 mo

223 2575 331 2636 Troica
352 2593 409 2636 non
432 2579 558 2656 scripsit.
595 2578 670 2653 Quid
694 2582 769 2640 enim
787 2579 942 2656 Verginius
964 2579 1049 2638 armis

224 2658 332 2719 Debuit
356 2660 459 2721 ulcisci
480 2666 587 2740 magis,
611 2674 659 2724 aut
683 2683 746 2724 cum
768 2663 889 2723 Vindice
913 2661 1014 2737 Galba,

225 2742 311 2815 Quod
335 2743 415 2805 Nero
436 2754 493 2806 tam
520 2764 609 2808 saeva
635 2749 781 2826 crudaque
807 2745 956 2822 tyrannide
980 2743 1072 2805 lecit‘l

193 2901 199 2916 .
224 2826 305 2886 llaec
327 2845 418 2907 opera
440 2839 527 2909 atque
550 2833 605 2892 hae
628 2841 692 2890 sunt
715 2832 851 2908 generosi
875 2830 1014 2909 principis
1034 2839 1127 2908 artes,

225 2911 381 2971 Gaudentio
407 2913 496 2973 foedo
520 2917 677 2993 peregrina
699 2915 735 2974 ad
757 2913 869 2993 pulpita
893 2923 978 2973 cantu
1162 2927 1208 2977 ms

223 2993 358 3055 Prostitui
381 2995 542 3077 Graiaeque
565 3002 659 3078 apium
680 2999 820 3058 meruisse
845 3015 982 3058 coronae.

223 3074 363 3138 Malorum
387 3081 502 3159 efligies
525 3082 650 3142 habeant
673 3083 796 3159 insignia
817 3083 916 3142 vocis:

223 3159 300 3221 Ante
324 3162 416 3242 pedes
444 3165 551 3225 Domiti
577 3166 694 3242 longum
715 3174 744 3224 tu
767 3183 844 3243 pone
867 3165 1014 3240 Thyestae

223 3245 325 3320 Syrma
348 3247 398 3307 vel
422 3247 584 3324 Antigones
608 3257 656 3307 aut
677 3248 1051 3326 personam'blenalippes,
1082 3291 1085 3298 .

222 3327 261 3388 Et
283 3330 320 3390 de
345 3348 508 3390 marmoreo
535 3331 671 3390 citharam
694 3333 841 3410 suspende
864 3331 994 3392 colosso.
1165 3343 1210 3396 tito

223 3411 315 3488 Quid,
341 3410 481 3490 Gatilina,
500 3415 557 3473 tuis
580 3411 721 3474 natalibus
744 3426 831 3494 atque
851 3414 976 3493 Gethegi

222 3493 355 3562 Inveniet,
374 3497 524 3574 qnisquam
546 3496 716 3559 sublimius?
739 3517 817 3560 arma
839 3509 935 3559 tamen
954 3516 1009 3557 vos
