2480 4006
211 327 252 387 34
499 335 503 342 ’
557 339 592 385 o.
611 338 683 386 run.
705 339 893 387 ruvnunnrs

210 476 270 537 lam
293 477 407 553 senior,
431 479 512 537 cuius
534 477 653 536 barbam
673 485 720 535 tua
742 478 824 538 ianua
847 477 927 537 vidit.
1149 494 1208 546 215

212 559 349 620 Testandi
372 579 458 639 quum
479 560 516 620 sit
538 559 690 620 lenonibus
713 568 800 637 atque
822 559 932 620 lanistis

213 643 342 702 Libertas
366 653 396 703 et
417 644 487 703 iuris
508 643 585 703 idem
606 645 753 720 contingat
775 661 896 717 arenae,

211 725 278 786 Non
299 745 371 786 nnus
387 726 439 786 tibi
459 726 559 786 rivalis
581 726 736 786 dictabitur
758 725 855 785 beres.
877 756 921 768 -

211 810 291 871 Pone
314 828 431 871 crucem
452 825 550 869 servo.
573 843 615 855 -
634 808 738 868 lleruit
763 825 821 887 quo
844 811 964 869 crimine
986 828 1090 870 servus

213 891 412 972 Supplicium?
438 893 502 971 quis
523 893 608 952 testis
630 890 733 952 adest?
757 893 821 970 quis
843 890 966 952 detulit?
989 894 1065 969 audi,
1148 907 1206 959 2⁶20

211 976 297 1037 Nulla
323 994 455 1054 umquam
477 975 513 1034 de
536 985 628 1036 morte
651 975 773 1034 bominis
799 977 943 1034 cunctatio
969 976 1136 1053 longeest.
1164 1014 1207 1024 -

212 1058 236 1118 0
259 1059 394 1135 demens,
417 1060 456 1118 ita
479 1076 583 1118 servus
604 1056 691 1117 bomo
714 1055 781 1117 esti
805 1059 845 1117 nil
867 1058 989 1134 fecerit,
1014 1069 1095 1120 esto:

210 1142 275 1204 Hoc
295 1142 383 1216 volo,
407 1143 451 1204 sic
472 1140 575 1215 iubeo,
599 1143 637 1200 sit
658 1158 712 1218 pro
735 1142 846 1200 ratione
868 1141 1011 1202 voluntas.

210 1226 338 1304 Imperat
358 1241 432 1302 ergo
452 1226 533 1290 viro:
557 1224 609 1284 sed
630 1241 698 1283 mox
720 1223 796 1284 baec
817 1243 908 1302 regna
929 1226 1066 1305 relinquit

211 1307 415 1387 Permutatqnc
437 1308 539 1368 domos
562 1316 592 1366 et
613 1308 744 1368 flammea
766 1310 904 1377 conterit;
926 1309 992 1368 inde
1149 1326 1205 1377 225
1225 1361 1226 1404 p

211 1391 319 1452 Avolat
342 1400 371 1451 et
392 1392 481 1469 spreti
504 1391 613 1468 repetit
635 1392 759 1467 vestigia
780 1391 859 1450 lecti.
1225 1409 1226 1414 ¹

212 1474 334 1536 Ornatas
356 1473 443 1553 paulo
462 1484 528 1535 ante
548 1473 647 1548 iores,
671 1474 827 1551 pendentia
849 1475 952 1553 linquit

212 1557 285 1620 Vela
306 1559 407 1618 domus
432 1567 462 1618 et
487 1555 581 1618 adbuc
601 1558 710 1618 virides
732 1558 760 1616 in
782 1557 878 1617 limine
899 1576 1005 1618 ramos.
1125 1613 1128 1618 .

212 1643 261 1702 Sic
283 1643 391 1702 crescit
411 1659 564 1716 numerus,
587 1643 630 1700 sic
655 1642 723 1700 fiunt
747 1650 815 1700 octo
837 1643 930 1701 mariti

132 1769 136 1776 .
212 1723 345 1804 Quinque
368 1743 423 1802 per
444 1733 610 1798 autumnos,
632 1723 714 1782 titulo
734 1742 782 1782 res
805 1725 892 1801 digna
913 1725 1051 1805 sepulcri.
1147 1739 1205 1793 230

252 1806 444 1886 Desperanda
467 1806 519 1867 tibi
543 1806 623 1866 salva
646 1807 801 1866 concordia
824 1825 920 1867 socru.

210 1891 264 1952 llla
287 1891 376 1951 docet
397 1891 499 1990 spoliis
521 1889 586 1950 nudi
609 1890 739 1967 gaudere
761 1891 868 1958 mariti;

210 1974 264 2042 Illa
289 1975 377 2035 docet
400 1975 495 2035 missis
517 1992 533 2034 a
556 1957 729 2052 c'orruptore
754 1973 872 2034 tabellis

210 2057 258 2118 Nil
280 2059 352 2118 rude
374 2077 431 2118 nec
453 2058 577 2136 simplex
597 2057 778 2120 rescribere.
802 2057 911 2136 decipit
933 2057 983 2118 illa

211 2138 357 2200 Custodes
379 2150 426 2201 aut
447 2159 516 2201 aere
538 2141 647 2200 domat:
670 2149 738 2199 tunc
762 2157 887 2218 corpore
911 2157 981 2199 sano

210 2224 344 2283 Advocat
365 2223 554 2300 Archigenen
576 2239 758 2301 onerosaque
780 2223 869 2301 pallia
893 2225 989 2284 iactat.

211 2305 334 2365 Abditas
355 2307 466 2366 interea
488 2305 559 2366 latet
579 2316 609 2366 et
630 2315 761 2366 secretus
784 2305 906 2380 adulter,

210 2389 426 2468 Impatiensque
447 2407 547 2450 morae
570 2389 637 2448 silet
658 2399 688 2450 et
708 2391 859 2466 praeputia
880 2389 967 2449 ducit.
1227 2429 1228 2462 ι

211 2472 332 2532 Scilicet
356 2482 530 2551 exspectas,
555 2481 584 2531 nt
602 2473 694 2532 tradat
715 2481 807 2532 mater
828 2472 969 2533 honestos

210 2555 306 2634 Atque
329 2555 403 2616 alios
428 2571 541 2628 mores,
566 2573 648 2634 quam
669 2572 743 2634 quos
765 2555 875 2616 babet?
896 2556 967 2616 utile
989 2573 1078 2635 porro
1146 2572 1204 2625 240

210 2637 342 2699 Filiolam
361 2641 438 2716 turpi
459 2638 576 2700 vetulae
599 2638 763 2716 producere
784 2648 909 2718 turpem.

210 2721 296 2782 Nulla
318 2722 382 2782 lere
405 2740 492 2783 cansa
516 2732 578 2798 est,
601 2724 628 2780 in
652 2741 707 2801 qua
728 2739 786 2782 non
803 2722 909 2784 lemine
928 2723 1007 2784 litem

209 2804 343 2865 licuerit.
385 2806 514 2866 Accusat
535 2804 666 2878 Manilia,
693 2808 717 2864 si
740 2824 790 2866 rea
812 2824 869 2866 nou
891 2815 945 2866 est.

211 2887 393 2966 componunt
413 2890 495 2966 ipsae
515 2907 570 2967 per
590 2907 623 2948 se
645 2889 825 2966 formantque
847 2889 977 2965 libellos,

210 2972 385 3049 Principium
408 2981 495 3051 atque
517 2973 601 3032 locos
625 2970 714 3032 Celso
738 2973 847 3032 dictare
871 2981 999 3050 paratae
1144 2987 1200 3038 245

210 3053 401 3116 Endromidas
424 3054 526 3131 Tyrias
549 3066 578 3116 et
599 3056 752 3116 femineum
778 3071 893 3115 ceroma

181 3205 185 3214 .
211 3137 284 3212 Quis
304 3137 418 3199 nescit?
440 3139 488 3199 vel
511 3141 575 3218 quis
597 3157 653 3198 non
678 3139 748 3199 vidit
769 3138 888 3200 vulnera
913 3136 991 3216 pali?

211 3215 307 3295 Quem
328 3233 412 3282 cavat
436 3223 559 3283 assiduis
583 3221 700 3282 sudibus
723 3229 865 3298 scutoque
887 3221 1007 3282 lacessit

212 3305 308 3384 Atque
333 3323 433 3365 omues
456 3307 557 3384 implet
581 3321 715 3364 numeros
738 3304 904 3381 dignissima
929 3321 1050 3383 prorsus

210 3388 319 3450 Florali
340 3399 470 3448 matrona
492 3389 575 3462 tuba,
597 3389 651 3446 nisi
672 3389 696 3445 si
719 3387 816 3464 quid'
808 3405 836 3446 ιιι
859 3387 910 3446 illo
1146 3403 1200 3454 250

211 3473 336 3532 Pectore
357 3473 422 3550 plus
445 3473 534 3548 agitat
554 3488 701 3547 veraeque
725 3479 841 3548 paratur
862 3488 978 3530 arenae.

211 3554 305 3629 Quem
327 3564 477 3634 praestare
500 3563 598 3633 potest
619 3553 723 3612 mulier
741 3553 857 3629 galeato
876 3554 1027 3632 pudorem,
