2460 4004
396 315 520 361 sauma
540 315 588 361 XI.

18 455 199 535 Despiciam,
226 460 275 530 qni
296 456 366 526 seit,
395 461 500 530 quanto
526 453 676 512 sublimior
699 452 781 513 Atlas

20 539 154 598 Omnibus
178 539 206 596 in
226 535 315 610 libya
339 538 376 595 sit
398 535 558 610 montibus,
577 536 625 595 hie
644 545 740 595 tamen
761 536 837 594 idem

18 624 151 700 ignoret,
178 629 311 699 qnantum
334 619 442 679 ferrata
466 619 552 678 distet
578 615 615 678 ab
640 636 708 678 area

18 705 168 766 Sacculns.
201 701 225 762 E
252 703 338 762 coelo
361 702 513 762 descendit
532 705 630 781 γνῶθι
654 697 786 776 σεαυτόν,
811 751 814 756 .

17 787 175 866 Figendum
198 795 227 845 et
251 787 372 845 inemori
393 785 569 845 tractandum
594 795 734 864 pectore,
758 787 822 844 sive

17 872 186 949 Coniugium
208 887 332 948 quaeras
353 869 403 928 vel
423 871 498 929 sueri
522 871 549 928 in
569 879 652 948 purte
675 878 792 929 senatus

16 956 89 1016 Esse
113 954 203 1022 velis;
226 971 325 1030 ,aeque
352 955 426 1012 eninr
448 953 566 1014 loricam
589 955 685 1030 poscit
707 952 831 1013 Achillis

15 1039 181 1112 Thersites,
207 1038 236 1095 in
263 1054 318 1114 qua
344 1053 378 1095 so
401 1036 570 1096 traducebat
591 1037 708 1111 Ulixes3

14 1124 178 1202 Ancipitem
203 1138 256 1179 seu
279 1128 309 1179 tu
334 1135 438 1197 magro
462 1121 625 1180 discrimine
649 1139 765 1182 cansam

14 1207 175 1283 Protegere
198 1203 334 1280 allectas,
358 1212 388 1262 te
412 1204 550 1279 consule,
574 1205 620 1264 dic
640 1205 705 1281 tihi,
729 1205 778 1284 qai
799 1204 851 1279 sis,

15 1289 120 1350 Orator
141 1287 315 1363 vehemens,
340 1306 375 1348 an
398 1284 512 1347 Curtius
535 1297 564 1346 et
588 1287 685 1348 blutho
711 1288 831 1348 buccae.

15 1373 170 1433 Noscenda
194 1379 238 1430 est
261 1387 395 1430 mensura
417 1374 461 1430 sni
484 1373 699 1450 spectandaque
722 1371 811 1430 rebus

14 1455 42 1516 ln
64 1455 183 1518 summis
205 1455 402 1533 minimisque,
425 1457 509 1515 etiam
531 1474 614 1532 quum
639 1456 727 1532 piscis
752 1463 875 1521 emetnr;

14 1539 53 1600 lle
79 1539 199 1600 mullum
221 1538 337 1616 cupias,
363 1555 448 1614 quum
471 1539 507 1596 sit
532 1537 582 1596 tihi
605 1537 695 1614 gobio
718 1545 823 1596 tantum

13 1623 41 1683 ln
68 1622 186 1685 loculis.
225 1619 296 1693 Quis
320 1623 395 1680 enirn
419 1631 448 1679 te
470 1621 630 1680 deiiciente-
648 1638 782 1680 erumena
811 1631 813 1636 '

13 1705 46 1766 111
71 1713 228 1767 crescente
253 1704 321 1782 gula
343 1714 439 1764 munet
463 1705 574 1781 exitus,
602 1723 672 1765 aere
695 1714 816 1784 paterno

14 1791 55 1850 hc
78 1789 171 1850 rebus
192 1789 295 1848 mersis
318 1789 347 1847 in
370 1797 516 1865 ventrem,
539 1789 650 1850 fenoris
672 1797 758 1868 atque

14 1874 138 1951 Argenti
160 1874 258 1948 graus
282 1881 311 1931 et
333 1889 471 1950 pecorum
493 1889 686 1949 agrorumque
710 1871 869 1950 capacem?

13 1957 135 2018 Talibus
160 1973 177 2013 1
203 1953 323 2012 dominis
348 1964 416 2031 post
444 1963 545 2013 concta
569 1955 741 2013 novissimus
763 1956 821 2012 exit

14 2038 162 2112 bonulus,
187 2044 217 2094 et
238 2037 328 2112 digito
350 2035 494 2095 mendicat
518 2035 611 2095 Pollio
638 2037 723 2095 nudo.

14 2121 78 2183 Non
105 2120 280 2198 praematuri
304 2119 419 2178 eineres
441 2135 496 2178 nec
521 2119 604 2178 11111
626 2118 763 2178 acerbum

14 2205 173 2278 Luxuriae,
197 2203 251 2261 sed
274 2210 367 2260 morte
390 2203 481 2278 magis
502 2203 653 2262 metuenda
677 2210 822 2262 senectus.

15 2289 46 2348 111
71 2288 246 2368 plerumque
267 2285 389 2362 gradus:
417 2287 558 2346 conducta
580 2287 702 2365 pecunia
722 2284 832 2344 Romae

15 2371 49 2432 lit
74 2389 175 2432 coram
199 2369 319 2429 dominis
343 2371 532 2439 consumitur;
561 2371 626 2430 indo
648 2370 695 2430 nbi
718 2368 833 2449 paulum

15 2455 124 2516 Nescio
148 2454 216 2534 quid
240 2461 375 2530 superest
398 2461 427 2512 et
447 2453 536 2532 pallet
558 2455 666 2514 lenonis
690 2461 801 2528 auctor,

16 2538 70 2610 Qui
97 2548 216 2598 uertere
243 2536 353 2612 solum,
380 2537 463 2598 Baias
486 2547 517 2596 et
540 2539 575 2598 ad
596 2547 693 2599 ostrea
717 2545 842 2597 currunt.

16 2621 133 2683 Cedere
153 2637 276 2698 namque
303 2617 368 2679 ioro
393 2622 526 2680 lemnon
552 2632 598 2681 ost
620 2622 748 2682 deterius
771 2637 854 2697 quum

17 2705 164 2784 Esquilias
191 2723 208 2765 1
232 2705 358 2763 ferventi
380 2707 504 2782 migrare
530 2705 652 2764 Subura.

17 2787 69 2848 llle
96 2789 182 2850 dolor
206 2788 286 2848 solus
310 2789 431 2866 patriam
451 2788 640 2864 fngientibus,
668 2787 717 2847 1111

18 2871 161 2932 llaestitiu
185 2881 246 2947 est,
273 2873 402 2930 caruisse
426 2887 499 2930 anno
524 2867 701 2932 circensibus
726 2887 790 2928 uno.

18 2957 170 3034 Sanguinis
196 2956 224 3014 in
245 2955 321 3015 faeie
344 2969 401 3013 non
422 2955 524 3015 haeret
548 2963 639 3033 gutta:
667 2963 812 3012 morantur

20 3039 103 3099 Pauci
128 3039 279 3100 ridiculum
314 3047 343 3098 et
381 3035 539 3117 lugientem
564 3055 601 3099 ex
621 3037 692 3097 urhe
714 3038 864 3115 pudorem.

58 3121 222 3202 Experiere
243 3122 347 3198 hodie,
373 3121 507 3201 numquid
529 3121 721 3200 pulcherrima
743 3120 830 3195 dictu,

21 3205 152 3284 Persice,
179 3219 237 3266 noa
257 3215 402 3284 praestem
427 3207 483 3265 vita
506 3206 554 3265 vel
576 3201 703 3264 moribus
729 3213 758 3263 et
780 3221 824 3279 re,

21 3291 76 3350 Sed
99 3291 215 3351 laudern
238 3290 357 3369 siliquas
379 3289 512 3348 occultus
532 3305 645 3366 ganeo,
669 3288 766 3367 pultes

22 3369 123 3434 Coram
148 3374 213 3435 aliis
239 3373 344 3433 dictem
369 3387 478 3451 puero,
502 3372 555 3433 sed
579 3374 698 3432 inaure
723 3371 883 3452 placentas.

21 3453 88 3517 llam
111 3477 197 3537 quum
218 3458 259 3515 sis
281 3457 403 3516 conviva
425 3456 493 3516 mihi
515 3458 689 3535 promissus,
713 3453 837 3516 habebis

22 3536 197 3618 Evandrum,
222 3541 322 3600 venies
347 3539 509 3616 Tirynthius
534 3549 581 3600 ant
605 3542 697 3600 minor
718 3539 768 3634 illo
