2480 4006
216 288 264 334 XX
599 287 807 336 PRAEFATIO.

212 441 268 484 sum
278 434 385 496 metuat,
397 444 427 486 an
438 429 463 487 id
476 430 656 487 fundamentum
667 431 756 504 eligat,
775 431 844 488 cuius
854 431 926 486 etiam
936 431 1085 503 corruptelae
1096 447 1185 489 merant

213 511 379 584 antiquitatem
387 515 488 585 sapiant,
498 529 545 570 nec
554 529 654 570 numero
666 515 761 571 illorum
770 529 816 570 nec
825 514 926 569 blandae
935 515 1024 585 speciei
1033 515 1134 571 concedi
1146 517 1188 572 do·

212 594 261 660 bet,
275 603 303 650 ut
312 596 429 668 singulari
441 598 513 653 huius
522 600 680 668 praestantiae
689 605 714 653 et
723 599 779 654 lidei
788 597 944 669 praeferatur.
974 599 1046 669 Atqu
1056 614 1109 654 rara
1119 599 1188 655 luve-

212 679 272 734 nalis
281 679 376 735 lortuna
390 681 480 738 lactum
498 689 547 746 est,
567 683 625 737 otis
638 681 729 747 codex,
744 695 815 753 quem
830 681 910 736 solum
919 681 966 737 hae
976 681 1122 754 integritatis
1130 690 1188 740 nota

213 763 330 818 excellere
340 763 404 832 dixi,
423 781 454 820 ex
464 765 569 820 Budensi
579 765 692 820 blattliae
703 765 798 820 Coroni
814 763 959 820 bibliotheca
975 765 1084 820 sublatus
1094 773 1188 822 maturo

212 846 237 901 in
246 847 311 901 Petri
321 846 413 902 Pitheci
428 863 514 903 manus
523 849 670 918 perveniret,
689 849 730 920 qui
746 848 852 903 eiusdem
870 862 917 918 ope
933 849 958 902 in
969 848 1073 904 editione
1083 849 1187 905 Parisino

213 934 280 987 1585
296 936 382 998 poetae
397 931 469 986 verba
485 931 519 984 ita
535 933 670 997 recensuit,
687 938 715 986 ut
736 931 808 986 huius
829 931 975 986 recensionis
995 933 1123 988 nuomritas
1144 949 1186 1003 per

211 1012 328 1066 ducentos
343 1014 445 1083 amplius
463 1030 538 1069 annos
553 1015 604 1070 iere
620 1015 672 1070 sola
688 1014 833 1069 inluuenale
849 1021 961 1086 regnaret
975 1029 1079 1086 cumque
1089 1017 1187 1070 internis

211 1095 307 1150 dotibus
316 1097 388 1151 etiam
398 1099 518 1169 vulgatae,
529 1114 590 1170 quae
600 1099 699 1162 dicitur,
711 1100 777 1153 velut
789 1099 1002 1168 praescriptionem
1014 1099 1187 1171 coniungeret;

210 1192 256 1233 nec
265 1179 346 1234 minus
358 1181 483 1252 gatuml
495 1182 523 1237 h.
536 1181 642 1237 Crameri
652 1183 774 1236 inventum
785 1182 837 1249 luit,
849 1183 890 1254 qui
900 1182 1030 1238 eorundem
1040 1181 1187 1239 scholiorum

210 1263 330 1333 genuinae
350 1265 475 1319 uetmtatis
484 1267 691 1322 commendatione
707 1267 889 1336 praestantium,
906 1281 1008 1338 quorum
1029 1272 1122 1336 partem
1139 1267 1186 1321 iam

211 1345 331 1418 Georgius
337 1348 403 1402 Valla
413 1350 583 1404 commentario
594 1366 638 1405 suo
648 1350 731 1405 Venet.
745 1353 812 1408 1486
823 1351 966 1414 inseruerat.
983 1350 1089 1419 pleniora
1106 1356 1186 1404 autem

210 1444 241 1484 ex
255 1445 299 1485 suo
311 1432 395 1487 codice
405 1432 519 1488 Pithoeus
535 1434 683 1501 subiecerat,
702 1434 824 1505 integrum
835 1433 956 1504 exemplar
973 1448 1003 1488 ex
1012 1432 1070 1489 bibl.
1084 1432 1185 1504 Sangal-

208 1513 269 1568 lensi
280 1530 302 1572 a.
317 1520 384 1574 1823
394 1516 481 1579 edidit:
496 1519 560 1588 quod
570 1519 616 1573 nisi
626 1517 791 1589 intempestiva
802 1518 940 1572 criticorum
950 1514 1055 1571 sollertia
1066 1517 1111 1572 sub
1122 1517 1185 1571 idem

208 1604 304 1668 tempus
320 1615 395 1655 novas
410 1601 492 1656 turbas
508 1602 635 1667 movisset,
653 1602 701 1656 iam
716 1609 769 1656 tum
781 1607 848 1656 recta
864 1601 894 1656 ad
910 1600 1045 1655 iuvenalem
1061 1601 1188 1655 emendate

208 1679 339 1752 legendum
349 1683 502 1754 viapatebat.
530 1686 561 1739 tt
572 1687 635 1740 enim
645 1685 710 1756 quod
720 1700 792 1756 saepe
802 1700 840 1740 res
849 1684 912 1740 bone
922 1685 1064 1740 constitutas
1078 1691 1185 1739 euertere

208 1766 357 1834 experimur,
378 1775 405 1822 ut
421 1768 484 1822 mala
494 1768 619 1824 hominum
635 1769 762 1836 sedulitas,
780 1769 838 1824 dum
849 1769 920 1822 etiam
932 1768 1042 1822 meliores
1055 1767 1134 1822 lacere
1144 1782 1186 1822 cu-

207 1848 276 1917 piens
285 1850 391 1905 remedia
400 1852 569 1922 circumspicit,
582 1853 634 1923 ipsa
643 1852 730 1908 horunr
740 1853 764 1907 ui
775 1853 890 1908 obruatur
900 1856 924 1904 et
935 1851 1031 1921 caliget,
1042 1850 1066 1904 in
1075 1850 1187 1904 Iuvenale

114 1986 119 1998 ,
208 1948 303 2004 quoque
314 1934 417 1998 accidit;
435 1937 503 1992 cuius
514 1951 589 2009 quum
599 1943 637 1990 tot
647 1937 743 1992 codices
753 1942 812 2007 quot
821 1935 862 1990 vix
872 1934 945 1990 ullius
955 1933 1052 1990 alterius
1062 1934 1186 2004 scriptoris

207 2033 233 2071 ιιι
249 2016 401 2073 bibliothecis
419 2028 558 2084 seruentur,
577 2021 664 2084 horum
680 2019 825 2076 lectionibus
835 2017 978 2090 colligendis
989 2017 1186 2090 conferendisque

207 2099 349 2169 Rupertius,
361 2102 520 2171 bohaintrius,
530 2104 696 2169 Heinrichius,
708 2105 766 2160 dum
776 2103 894 2173 corruptis
906 2101 967 2156 lucis
975 2101 1093 2157 medelam
1103 2115 1187 2172 parare

207 2183 252 2236 sibi
262 2183 409 2251 uidebantur,
420 2185 485 2242 haud
493 2203 548 2243 raro
557 2195 583 2243 et
592 2189 639 2259 ipsi
648 2203 719 2244 sanos
730 2191 886 2258 corruperunt
893 2191 918 2238 et
929 2185 980 2239 aliis
991 2190 1101 2238 aucmres
1111 2184 1186 2238 exsti-
1211 2205 1213 2210 v
1237 2251 1238 2260 ἵ

208 2274 303 2331 terunt,
316 2275 343 2323 ut
363 2276 405 2324 aut
414 2279 515 2327 numero
526 2274 625 2328 testium
636 2279 677 2328 aut
688 2286 732 2326 suo
747 2270 904 2342 qualicunque
914 2266 1003 2322 iudicio
1014 2267 1069 2322 freti
1089 2283 1133 2336 pre
1150 2270 1187 2322 in·
1237 2273 1238 2280 ’

207 2358 277 2421 tegra
293 2357 380 2420 poetae
397 2356 505 2411 oratione
521 2371 575 2412 eam
590 2356 751 2420 venditarent,
770 2367 840 2423 quam
856 2367 887 2404 ex
902 2349 1027 2404 temeraria
1042 2349 1116 2404 medii
1133 2351 1188 2404 aevi
1237 2343 1238 2378 ³

207 2433 391 2504 interpolatione
403 2437 508 2495 deterius
516 2439 634 2496 librorum
643 2453 721 2510 genus
732 2449 863 2505 occupasse
872 2433 988 2496 vidimus3
1000 2447 1187 2504 quemquamne

207 2516 254 2571 lroc
265 2519 361 2588 quidem
373 2520 398 2575 in
409 2536 500 2594 genere
511 2523 544 2578 ita
553 2523 600 2578 sibi
613 2521 784 2583 constiterunt,
795 2525 837 2585 ut,
848 2517 913 2588 quod
924 2517 1027 2589 aliquem
1038 2527 1104 2571 certe
1114 2533 1186 2572 usum

206 2601 368 2670 praebuisset,
387 2620 419 2659 ex
429 2621 518 2677 magna
528 2607 673 2662 deteriorum
683 2603 814 2657 lectionum
825 2601 895 2670 copia
905 2616 959 2656 eam
969 2600 1121 2671 potissimum
1133 2615 1186 2654 ver-

206 2685 293 2741 borum
304 2691 518 2744 conlbrmationem
529 2689 665 2749 allicerent,
682 2699 743 2755 quae
753 2685 903 2754 corruptelae
920 2691 992 2756 caput
1003 2691 1028 2739 ot
1039 2684 1093 2739 iens
1104 2683 1186 2738 haberi

206 2777 302 2840 posset,
319 2771 363 2826 sed
379 2786 427 2842 quo
444 2771 542 2842 propius
559 2769 697 2825 scillarum
717 2783 763 2840 ope
773 2769 803 2824 ad
818 2769 869 2838 ipsa
886 2775 972 2839 poetae
988 2767 1061 2822 verba
1071 2767 1186 2822 accedere
1236 2759 1237 2772 ¹

205 2855 340 2924 sperabant,
352 2870 381 2910 eo
393 2855 509 2909 minorem
519 2867 589 2906 verae
599 2852 748 2922 corruptelae
757 2853 918 2922 suspicionem
929 2851 1079 2908 adhibebant
1098 2850 1186 2905 Fausto

205 2938 281 3010 igitur
298 2955 355 2993 casu
371 2937 482 3007 contigit,
493 2941 521 2988 ut
532 2933 616 2989 Ottoni
625 2934 714 3000 lalunio,
727 2951 798 3007 quern
810 2937 857 2990 iam
869 2938 893 2990 in
903 2936 978 2990 Persii
991 2935 1095 2990 editione
1105 2949 1186 2988 veram

205 3023 318 3077 codicum
325 3021 485 3076 conditionem
491 3031 549 3072 sano
560 3018 648 3072 iudicio
655 3019 804 3074 existimasse
813 3021 870 3086 dixi,
878 3021 997 3088 insperata
1008 3018 1082 3086 ipsius
1089 3015 1186 3072 Pithoe-

205 3107 243 3160 ani
254 3108 283 3161 ab
294 3107 391 3175 integro
407 3101 560 3170 comparandi
571 3101 665 3156 occasio
683 3102 820 3164 offerretur:
831 3115 903 3172 quem
913 3116 988 3171 quum
999 3100 1071 3153 etiam
1082 3113 1104 3150 a.
1117 3101 1186 3157 1847

206 3199 325 3260 tamquam
341 3186 455 3242 amissum
472 3183 647 3254 deplorassom,
666 3200 724 3239 nrox
746 3185 810 3239 lelioi
825 3184 931 3238 liiibneri
952 3183 1067 3238 industria
1083 3181 1108 3235 in
1124 3181 1184 3237 bibl.

206 3269 410 3339 houepcesulana
428 3267 569 3339 indagatum
585 3269 710 3340 doctisque
727 3269 810 3324 usibus
833 3267 951 3322 redditum
970 3282 1023 3322 osse
1035 3271 1186 3335 compertum

205 3361 255 3414 est;
265 3352 383 3424 huiusque
393 3351 500 3408 subsidio
511 3353 559 3408 idm
569 3353 602 3409 ita
613 3353 765 3409 emendatum
775 3351 911 3408 iuvenalem
922 3351 1004 3406 lahnio
1022 3349 1144 3413 debemus,
1158 3357 1186 3403 ut
1235 3365 1236 3418 ι

204 3434 293 3490 nubam
304 3451 420 3508 umquam
430 3437 559 3492 editiomm
576 3445 663 3508 poetae
673 3433 770 3492 marium
781 3437 875 3492 lelioius
886 3435 1032 3507 expressisse
1042 3439 1135 3488 certum
1144 3433 1184 3497 sit

204 3531 250 3571 nec
264 3519 286 3573 si
296 3520 349 3590 quis
364 3519 389 3576 in
407 3521 511 3594 singulis
528 3522 626 3594 longius
641 3521 739 3592 procedi
750 3536 822 3592 posse
837 3527 920 3592 putet,
938 3519 1007 3574 aliter
1022 3517 1071 3573 hoo
1082 3514 1184 3589 aggredi

204 3600 288 3670 hceat,
300 3618 371 3674 qoam
387 3611 415 3661 ut
429 3605 498 3662 illum
514 3606 540 3662 in
560 3607 612 3677 ipsa
627 3605 752 3662 Pithoeani
768 3605 872 3661 lectione
892 3603 930 3660 val
950 3601 1126 3674 interpretanda
1147 3599 1184 3654 vel
