2460 4004
376 285 500 332 suarna
519 287 553 332 x.
941 275 981 336 65

14 425 190 502 Temporibus
216 425 285 484 diris
309 425 394 500 igitur
418 425 556 502 iussuque
578 423 704 484 Neronis
949 441 981 492 15

13 507 156 584 Longinum
180 516 209 566 et
231 524 351 584 magnos
376 509 509 566 Senecae
530 507 698 584 praedivitis
720 507 820 569 hortos

14 589 109 651 Clausit
131 601 160 650 et
183 593 318 668 egregias
341 589 545 650 Lateranorum
568 589 683 650 obsidet
705 592 796 652 aedes

13 673 74 734 'lota
95 675 214 735 cohors:
236 693 319 734 rarus
343 674 421 733 venit
443 674 471 732 iu
494 673 652 734 coenacula
674 675 767 734 miles.

11 757 94 818 Pauca
114 759 185 818 licet
210 767 312 836 portes
337 759 450 834 argenti
472 757 590 817 vascula
618 759 693 835 puri,

11 840 92 900 Nocte
115 841 343 919 iter'ingressus
365 840 491 918 gladium
512 851 685 920 contumque
706 841 820 903 timebis

9 921 40 983 m
58 935 150 986 motae
176 926 212 986 ad
233 925 327 984 lunam
349 923 508 1002 trepidabis
531 925 675 986 arundinis
698 927 828 988 umbras:

10 1005 129 1068 Cantabit
156 1027 265 1068 vacuus
292 1025 389 1068 coram
412 1008 524 1069 latrone
550 1009 653 1068 viator.

9 1089 88 1152 l’rima
111 1093 176 1152 iere
200 1101 269 1152 vota
296 1101 325 1151 et
348 1093 457 1152 cunctis
480 1093 766 1172 notissima-templis

9 1171 139 1252 Divitiae,
163 1185 297 1236 crescant
320 1185 351 1235 ut
374 1193 465 1254 opes,
487 1186 517 1236 ut
542 1177 663 1237 maxima
687 1186 748 1238 toto

9 1253 102 1319 Nostra
130 1259 167 1318 sit
190 1277 257 1319 arca
281 1259 356 1318 ioro.
391 1259 450 1318 Sed
470 1259 547 1320 nulla
570 1261 683 1320 aconita
705 1260 840 1322 bibuntur

9 1337 161 1411 Fictilibus;
187 1351 254 1402 tunc
277 1343 326 1403 illa
352 1344 437 1418 time,
461 1362 546 1422 quum
568 1344 676 1422 pocula
699 1362 796 1404 sumes

9 1423 144 1487 demmata
171 1435 200 1485 et
221 1426 280 1486 lato
305 1427 434 1486 Setinum
457 1426 569 1486 ardebit
590 1427 619 1486 in
645 1443 725 1486 auro.

9 1505 90 1569 lanne
117 1511 205 1587 igitur
226 1509 344 1585 laudas,
371 1507 449 1588 quod
473 1510 509 1568 de
536 1509 715 1586 sapientibus
739 1509 814 1570 alter

9 1587 137 1668 Ridebat,
162 1593 277 1671 quoties
301 1592 337 1652 de
359 1594 454 1652 limine
475 1602 606 1652 moverat
629 1609 714 1653 unum

9 1669 220 1755 Protuleratquc
241 1675 362 1754 pedem,
381 1675 469 1736 flebat
490 1677 648 1736 contrarius
672 1673 795 1736 auctori

9 1757 55 1820 led
76 1759 175 1838 facilis
200 1761 290 1820 cuivis
313 1761 399 1839 rigidi
422 1777 543 1820 censura
566 1760 714 1820 cachinni:

9 1837 155 1904 llirandum
177 1853 239 1920 est,
265 1845 339 1904 unde
364 1843 414 1904 ille
438 1843 531 1904 oculis
555 1843 705 1902 sullecerit
732 1842 841 1902 humor.

9 1921 143 2005 Perpetuo
168 1927 228 1985 risu
251 1927 415 2004 pulmonem
441 1927 551 2002 agitare
575 1925 691 1985 solebat

9 2003 199 2083 Democritus,
226 2027 396 2087 quamquam
417 2025 475 2068 non
498 2017 597 2068 essent
622 2007 741 2069 urbibus
764 2008 822 2068 illis

9 2089 153 2154 Praetexta
176 2101 205 2150 et
226 2091 362 2167 trabeae,
386 2091 499 2168 fasces,
525 2091 648 2168 lectica,
672 2091 806 2152 tribunal.

9 2171 85 2251 buid,
113 2175 139 2234 si
161 2174 282 2234 vidisset
304 2183 470 2252 praetorem
493 2173 624 2234 curribus
647 2175 714 2236 altis

9 2257 170 2321 instantem
189 2267 218 2318 et
241 2259 327 2318 medii
349 2258 498 2320 sublimem
519 2257 641 2337 pulvere
663 2259 734 2320 circi

9 2339 28 2402 lu
51 2343 151 2403 tunica
171 2339 250 2402 Iovis
273 2350 303 2401 et
325 2343 421 2420 pictae
445 2344 568 2403 Sarrana
593 2342 737 2403 ferentem

9 2421 40 2484 ix
64 2427 193 2486 humeris
218 2425 319 2486 aulaea
344 2434 432 2502 togae
454 2443 634 2506 magnaeque
658 2445 786 2488 coronae

9 2503 115 2572 lantum
143 2509 259 2584 orbem,
287 2518 393 2588 quanto
419 2511 520 2569 cervix
543 2527 601 2569 nou
625 2511 732 2571 suflicit
754 2509 833 2571 ulla?

9 2589 112 2671 Quippe
142 2601 221 2652 tenet
243 2592 347 2653 sudans
370 2591 443 2652 hanc
463 2593 597 2671 publicus
620 2604 664 2672 et,
689 2593 744 2653 sibi
770 2597 872 2654 consul

9 2673 39 2734 le
61 2676 195 2754 placeat,
220 2693 304 2736 curru
327 2695 429 2737 servus
453 2685 583 2754 portatur
607 2677 722 2737 eodem.

9 2753 39 2818 da
60 2777 138 2819 nunc
164 2768 193 2817 et
216 2759 382 2835 volucrem,
409 2770 526 2838 sceptro
555 2777 629 2838 quae
651 2760 743 2835 surgit
765 2758 887 2834 eburno,

9 2839 76 2901 illinc
100 2843 282 2919 cornicines,
305 2843 370 2902 hino
392 2843 598 2921 praecedentia
623 2841 704 2918 longi

9 2921 127 3000 lgminis
152 2924 247 2984 oiiicia
274 2935 303 2986 et
324 2929 427 2985 niveos
451 2925 487 2984 ad
512 2925 594 2984 irena
619 2923 758 2998 Quirites,

9 3005 124 3068 beiossa
149 3009 177 3066 in
201 3008 305 3068 loculis
328 3027 402 3088 quos
426 3007 556 3085 sportula
577 3007 648 3066 iecit
673 3008 791 3066 amicos.

9 3087 66 3150 lum
94 3109 212 3170 quoque
236 3094 383 3152 materiam
404 3094 478 3150 risus
503 3091 610 3149 invenit
634 3089 669 3150 ad
693 3105 794 3148 omnes

9 3169 145 3236 lccursus
168 3174 325 3250 bominum,
353 3178 434 3234 cuius
458 3173 608 3252 prudentia
633 3181 781 3248 monstrat,

9 3257 130 3318 iummos
157 3275 246 3336 posse
271 3261 351 3318 viros
374 3268 403 3318 et
422 3277 524 3335 magna
549 3258 683 3336 exempla
711 3257 829 3317 daturos

9 3337 161 3401 lervccum
184 3343 211 3400 in
235 3343 327 3420 patria
352 3359 510 3419 crassoque
534 3341 586 3401 sub
610 3359 679 3402 aere
701 3341 791 3400 nasei.

9 3421 121 3485 aruerat
147 3443 248 3501 curas,
274 3443 409 3485 necnon
436 3435 465 3484 ct
488 3426 592 3502 gaudia
618 3425 708 3502 vulgi,

9 3503 142 3568 interdum
165 3517 194 3568 ct
220 3509 370 3584 lacrimas,
397 3527 482 3588 quum
503 3509 635 3568 fortunae
661 3509 726 3586 ipse
752 3508 853 3566 minaci

39 3613 95 3651 ruv.
120 3613 181 3652 sar.
755 3591 773 3647 5
