2460 4004
219 254 260 316 oo
545 261 581 309 u.
604 261 675 308 run.
697 255 883 307 ruvuuuurs

220 405 368 466 Balantem
392 409 421 461 et
443 398 563 460 Laribus
586 400 700 458 cristam
723 399 893 476 promittere
914 398 986 476 galli

220 488 284 550 Non
309 485 430 551 audent;
455 482 523 562 quid
546 484 620 542 enim
642 499 764 560 sperare
787 482 958 542 nocentibus
981 484 1080 560 aegris

222 565 423 632 Concessum?
443 566 492 627 vel
517 583 591 645 quae
614 583 671 625 uon
694 564 808 643 dignior
830 565 926 626 bostia
945 563 1025 628 vitai

220 655 337 716 Mobilis
361 652 491 713 etruria
514 659 560 710 est
581 650 673 712 ierme
693 659 793 710 natura
815 650 964 710 malorum.

221 739 315 813 Quum
336 736 434 796 scelus
456 735 619 811 admittunt,
643 742 778 811 superest
800 736 975 803 constantim
999 736 1067 814 quid
1090 736 1135 797 ias

221 823 319 900 Atque
342 819 444 894 nefas,
468 818 582 878 taudem
607 818 745 895 incipiunt
768 819 876 877 sentire
899 821 1027 896 peractis

222 903 404 965 Criminibus.
437 901 546 962 l’ameu
568 901 603 960 ad
626 917 723 960 mores
746 911 846 961 natura
868 903 992 962 recurrit

221 991 394 1062 Boumatos,
419 985 475 1045 fixa
498 994 527 1044 et
549 986 650 1044 mutari
671 985 781 1045 nescia.
812 983 884 1044 Nam
907 988 969 1064 quis

221 1071 365 1134 Peccandi
388 1069 472 1130 linem
493 1069 591 1148 posuit
612 1064 688 1128 sibi?
711 1069 824 1148 quando
849 1071 962 1148 recepit

221 1156 353 1216 Eiectum
374 1152 466 1213 semel
488 1154 583 1213 attrita
606 1152 642 1212 de
666 1151 761 1212 ironte
783 1149 939 1213 ruborem?

222 1240 359 1313 Quisnam
381 1236 525 1298 bominum
548 1244 610 1312 est,
634 1253 719 1314 quem
742 1245 772 1294 tu
796 1245 960 1297 contentum
979 1237 1089 1298 videris
1110 1258 1166 1299 uno
1219 1273 1220 1298 ;

221 1318 367 1400 Flagitioi
398 1320 476 1380 dabit
497 1321 525 1380 in
550 1320 684 1397 laqueum
706 1321 831 1398 vestigia
853 1330 953 1381 noster

221 1406 351 1466 Perfidus
376 1413 405 1464 et
427 1405 500 1482 nigri
523 1404 647 1483 patietur
669 1405 797 1463 carceris
818 1423 921 1464 uncum
1160 1419 1201 1471 245

221 1491 279 1549 Aut
300 1491 386 1549 maris
408 1487 522 1566 Aegaei
546 1505 648 1566 rupem
671 1487 870 1566 scopulosque
894 1490 1064 1569 frequentes

221 1572 363 1633 Exulibus
384 1573 505 1650 maguis.
535 1571 633 1633 Poena
654 1571 796 1648 gaudebis
819 1589 915 1633 amara

221 1656 350 1716 Nominis
373 1657 474 1733 invisi,
498 1655 671 1732 tandemque
694 1654 825 1714 fatebere
847 1655 951 1734 laetus,

221 1739 285 1799 Nec
307 1740 422 1800 surdum
445 1757 501 1798 nec
523 1737 654 1798 Tiresian
687 1755 858 1816 quemquam
882 1759 949 1801 esse
973 1741 1105 1804 deorum.

613 1929 826 1938 ...p—...m

537 2070 773 2136 SATIRA
808 2071 901 2135 XIV.

222 2199 355 2292 Plurima
378 2236 458 2303 suut,
482 2227 623 2306 buccine,
648 2231 772 2291 etfama
796 2231 879 2307 digua
906 2230 1021 2288 sinistra

221 2315 258 2376 Et
284 2311 380 2370 nitidis
401 2311 542 2370 maculam
567 2311 719 2374 haesuram
743 2314 860 2392 figentia
884 2311 983 2388 rebus,

222 2398 304 2472 Quae
326 2403 486 2454 monstrant
510 2396 566 2473 ipsi
590 2399 688 2475 pueris
710 2399 882 2476 traduntque
904 2405 1052 2475 parentes.

222 2483 253 2542 Si
279 2479 416 2539 damnosa
443 2496 542 2538 senem
567 2481 646 2540 iuvat
665 2481 745 2558 alea,
772 2480 844 2542 ludit
864 2489 894 2540 et
914 2480 1002 2540 beros

221 2562 350 2624 Bullatus
374 2579 525 2642 parvoque
548 2564 649 2624 eadem
671 2575 770 2625 movet
792 2582 870 2625 arma
891 2563 1001 2624 fritillo.
1191 2577 1203 2626 t

220 2646 285 2708 Neo
305 2645 407 2705 melius
429 2645 520 2707 dese
543 2649 675 2726 cuiquam
698 2667 818 2728 sperare
840 2649 1004 2728 propinquo

222 2729 374 2792 concedet
394 2731 523 2809 iuuenis,
552 2735 599 2810 qui
621 2733 725 2794 radere
745 2733 849 2793 tubera
871 2741 979 2807 terrae,

221 2815 354 2877 Boletum
377 2814 496 2876 condire
520 2826 548 2876 et
571 2818 674 2878 eodem
698 2819 761 2877 iure
785 2825 916 2877 natantes

220 2899 359 2978 blergere
384 2898 523 2960 ficedulas
549 2901 663 2979 didicit,
685 2901 833 2962 nebulone
854 2907 976 2978 parente

221 2983 259 3044 Et
284 3001 355 3044 caua
377 2993 554 3045 monstrante
578 2984 661 3063 gula:
685 3004 771 3065 quum
794 2986 933 3063 septimus
955 3001 1045 3043 annus
1178 2994 1205 3044 lo

221 3067 381 3127 Transierit
399 3085 537 3146 puerum,
563 3069 687 3130 nondum
712 3071 788 3130 omni
810 3069 897 3130 dente
920 3075 1034 3143 renato,

220 3151 362 3212 Barbatos
388 3151 458 3211 licet
478 3152 635 3213 admoveas
660 3154 740 3214 mille
760 3154 826 3214 inde
851 3152 1017 3229 magistros,

220 3235 293 3295 Hinc
314 3233 450 3311 totidem,
476 3237 574 3314 cupiet
596 3236 675 3296 lauto
703 3255 829 3298 coenare
856 3244 956 3314 paratu

221 3321 345 3397 Semper
370 3327 400 3377 et
424 3336 441 3377 a
466 3337 646 3396 magnanon
667 3321 848 3398 degenerare
874 3319 977 3379 culina.

219 3402 317 3464 blitem
341 3401 463 3461 animum
488 3411 516 3461 et
538 3419 635 3464 mores
660 3405 781 3466 modieis
801 3403 949 3466 erroribus
976 3419 1089 3481 aequos
1179 3410 1208 3461 lt

221 3485 365 3562 Praecipit
392 3493 479 3564 atque
501 3487 609 3548 animas
631 3507 783 3550 servorum
806 3497 835 3550 et
862 3503 988 3567 corpora
1013 3494 1115 3547 nostra
