2480 4006
401 287 527 334 santus
549 287 611 334 vn.

17 425 188 505 componis,
209 425 285 484 dona
305 424 446 500 Veneris,
470 424 627 501 Telesine,
651 426 769 496 marito;

15 513 70 570 Aut
93 509 196 568 claude
219 517 248 568 et
270 510 382 586 positos
403 510 481 570 tinea
506 509 650 588 pertunde
674 509 802 569 libellos.

14 591 126 670 Frange
145 593 234 651 miser
255 592 382 652 calamos
403 592 581 670 vigilataque
603 592 717 670 proelia
740 591 819 667 dele,

16 677 67 749 Qui
88 677 162 736 iacis
183 677 213 736 iu
233 693 323 754 parva
344 676 476 736 sublimia
498 676 623 735 carmina
646 675 734 750 cella,

14 759 50 819 Ut
71 761 174 838 diguus
193 761 294 820 venias
317 759 435 820 hederis
458 768 488 819 et
508 760 631 836 imagine
652 777 759 820 macra.

15 845 87 922 Spes
109 843 187 903 nulla
209 843 343 912 ulterior;
367 843 465 904 didicit
488 845 542 903 iam
563 844 646 904 dives
666 861 770 903 avarus

15 927 130 988 'lantum
152 927 301 1003 admirari,
323 935 429 988 tantum
450 927 570 988 laudare
595 927 731 1002 disertos,

14 1009 47 1070 Ut
66 1011 150 1090 pueri
169 1009 286 1070 lunonis
310 1029 401 1071 avem.
447 1010 506 1070 Sed
528 1010 627 1070 delluit
648 1005 729 1070 aetus

14 1093 47 1154 lit
64 1095 164 1174 pelagi
186 1096 300 1174 paticus
322 1103 351 1154 et
372 1094 493 1156 cassidis
516 1103 603 1173 atque
625 1093 742 1171 ligonis.

15 1177 119 1239 'laedia
143 1187 211 1238 tuuc
233 1177 357 1238 subeunt
379 1180 504 1253 animos,
527 1186 595 1238 tunc
618 1195 711 1256 seque
734 1194 873 1256 suamque

15 1261 228 1340 Terpsichoren
251 1263 311 1322 odit
333 1262 456 1322 facunda
477 1271 506 1320 et
530 1261 605 1321 nuda
625 1269 771 1320 senectus.

51 1346 166 1424 Accipe
189 1363 263 1405 nunc
287 1355 381 1421 artes,
404 1363 441 1404 ne
464 1345 533 1424 quid
554 1345 606 1404 tibi
628 1343 760 1404 conferat
780 1346 847 1420 iste,

16 1427 101 1501 Quem
126 1429 201 1488 colis
239 1438 269 1488 et
289 1427 432 1489 Musarum
453 1438 483 1489 et
499 1428 646 1505 Apollinis
668 1426 750 1487 aede·
766 1427 879 1487 relicta.

14 1511 75 1589 lpse
95 1513 169 1574 iacit
187 1530 292 1572 versus
313 1521 400 1590 atque
423 1512 471 1570 uni
492 1511 568 1570 cedit
588 1510 717 1570 Homero

14 1591 132 1674 l’ropter
153 1595 233 1655 mille
255 1612 360 1664 annos;
381 1605 410 1654 tu
431 1596 455 1653 si
478 1593 632 1654 dulcedine
654 1594 748 1654 iamne

15 1679 177 1739 succensus
196 1680 322 1754 recites,
342 1678 508 1738 maculosas
530 1678 694 1737 commodat
715 1677 821 1738 aedes:

15 1759 87 1822 llaec
110 1763 202 1839 longe
224 1762 333 1822 ferrata
356 1762 456 1823 domus
480 1763 593 1822 servire
616 1761 742 1836 iubetur,

16 1841 41 1904 ln
61 1865 118 1925 qua
144 1845 285 1906 sollicitas
308 1847 432 1906 imitatur
451 1847 534 1906 ianua
556 1854 667 1923 portas.

12 1929 68 1988 *Scit
90 1930 163 1990 dare
186 1929 309 1989 libertos
333 1939 463 1990 extrema
484 1931 513 1988 in
534 1937 617 2006 parte
637 1927 777 1986 sedentes

17 2009 125 2072 Ordinis
145 2020 174 2070 et
197 2029 316 2088 magnas
336 2013 470 2072 comitum
492 2012 650 2088 disponere
676 2025 783 2077 voces;

16 2093 100 2156 Nemo
126 2093 206 2154 dabit
227 2112 345 2172 regum,
369 2095 465 2172 quanti
488 2093 629 2154 subsellia
651 2101 794 2169 constant,

16 2175 47 2236 lit
68 2196 146 2259 quac
169 2177 313 2238 conducto
337 2178 464 2255 pendent
486 2177 644 2238 anabathra
665 2176 772 2255 tigillo,

17 2260 154 2341 Quaeque
172 2262 358 2340 reportandis
380 2263 475 2339 posita
497 2271 542 2321 est
565 2261 717 2322 orchestra
738 2259 893 2322 cathedris.

15 2341 70 2405 Nos
89 2356 188 2406 tamen
210 2344 267 2404 hoc
289 2347 399 2423 agimus
421 2347 557 2424 tenuique
579 2347 608 2404 in
628 2345 749 2424 pulvere
776 2344 874 2406 sulcos

15 2425 148 2489 Docimus
168 2438 198 2488 et
217 2428 286 2489 litus
308 2429 400 2489 sterili
421 2447 572 2490 versamus
596 2439 702 2490 aratro.

15 2507 80 2571 Nam
102 2513 128 2572 si
151 2512 303 2588 discedas,
326 2513 433 2592 laqueo
454 2523 536 2574 tenet
557 2513 701 2574 ambitiosi

17 2590 200 2655 Consuetudo
222 2594 303 2664 mali:
326 2607 406 2656 tenet
428 2597 588 2658 insanabile
607 2598 713 2657 multos

17 2677 164 2739 Scribendi
187 2679 345 2740 cacoethes
368 2689 397 2740 et
416 2698 508 2757 aegro
528 2682 557 2738 in
581 2681 671 2739 corde
691 2681 829 2739 senescit.
895 2737 897 2742 .

18 2761 70 2821 Sed
91 2771 189 2822 vatem
210 2765 377 2841 egregium,
400 2764 447 2822 cui
468 2781 526 2822 non
549 2763 585 2821 sit
607 2761 723 2839 publica
744 2779 829 2836 vena,

19 2842 67 2914 Qui
89 2845 160 2904 nihil
183 2847 347 2924 expositum
371 2845 466 2906 soleat
488 2845 652 2918 deducere,
675 2861 732 2902 nec
753 2845 801 2922 qui

19 2924 163 2988 Communi
180 2929 265 2989 ierint
288 2947 404 2990 carmen
425 2926 540 2988 triviale
558 2935 684 3001 moneta,
733 2990 736 2996 ,

18 3007 109 3088 llunc,
134 3012 249 3091 qualem
269 3029 386 3091 nequeo
408 3020 569 3072 monstrare
593 3019 623 3068 et
644 3009 737 3070 sentio
760 3017 877 3083 tantum,

20 3092 168 3156 duxietatc
191 3115 295 3157 carens
319 3098 429 3157 animus
448 3094 531 3169 iacit,
555 3093 647 3153 omnis
670 3090 769 3153 acerbi

20 3180 185 3255 impatiens,
209 3181 330 3259 cupidus
353 3179 491 3240 silvarum
512 3187 654 3256 aptusque
677 3175 811 3236 bibendis

20 3256 152 3322 lontibus
174 3262 327 3323 Aonidum.
372 3261 476 3342 Neque
498 3263 574 3322 enim
596 3270 713 3321 cantare
733 3259 786 3319 sub
809 3266 892 3320 antro

21 3339 109 3405 Pierio
130 3346 316 3424 thyrsumque
338 3354 437 3424 potest
457 3347 628 3423 contingere
649 3353 760 3406 maesta

22 3423 172 3507 Paupertas
192 3439 280 3509 atquc
300 3431 377 3490 aeris
395 3431 495 3508 inops,
519 3447 576 3508 quo
599 3439 686 3490 noete
707 3429 813 3508 dieque

23 3505 130 3591 Corpus
153 3523 238 3591 eget:
263 3524 341 3574 satur
362 3522 421 3590 est,
443 3531 528 3592 quum
550 3514 619 3574 dicit
638 3512 774 3574 Horatius
798 3510 906 3572 euhoe!
