2480 4006
419 301 543 349 sualua
565 301 616 348 111.

16 443 96 502 lunc
121 443 204 502 sacri
225 441 312 500 fontis
334 457 434 499 nemus
457 449 486 499 et
511 439 632 499 delubra
653 439 785 500 locantur

19 526 156 602 udaeis,
182 542 302 602 quorum
325 521 466 602 cophinus
487 523 661 603 foenumque
682 523 833 602 supellex3

16 609 137 687 [Omnis
158 609 235 668 enirn
256 607 367 686 populo
387 607 554 667 mercedem
574 607 705 686 pendere
727 609 805 668 iussa
827 617 872 668 est
981 621 1012 672 15

15 694 135 768 arhor,
159 701 190 752 et
210 692 312 752 eiectis
334 691 478 752 mendicat
495 691 568 750 silva
591 689 757 770 Gamenim)

15 780 42 837 ln
61 776 181 836 vallem
202 775 330 853 Egeriae
354 775 556 835 descendimus
580 784 609 835 et
630 775 786 853 speluncas

15 860 188 920 Dissimiles
210 861 305 919 veris:
329 867 435 936 quanto
457 860 640 936 praesentius
663 867 744 918 esset

15 946 134 1004 Numen
155 961 267 1023 aquae,
290 942 375 1002 viridi
393 944 417 1002 si
437 943 567 1019 margine
590 942 739 1002 clauderet
759 941 850 1003 undas

15 1027 119 1088 llerha
143 1045 200 1088 nec
221 1027 376 1104 ingenuum
396 1026 540 1086 violarent
561 1041 702 1086 marmora
723 1025 826 1086 tolum!
977 1037 1011 1089 20

14 1113 68 1171 llic
86 1119 161 1170 tunc
182 1109 362 1170 Umbricius:
393 1107 513 1182 Quando
537 1109 661 1184 artibus,
685 1111 790 1188 inquit,
811 1110 942 1170 honestis

14 1195 125 1254 Nullus
148 1195 177 1252 in
198 1192 270 1254 nrhe
293 1192 394 1271 locus,
417 1193 495 1253 nulla
516 1193 708 1254 emolumenta
731 1193 872 1270 laborum,

14 1279 80 1338 Res
103 1277 196 1338 hodie
219 1278 312 1338 minor
334 1287 395 1354 est,
423 1277 494 1336 here
516 1295 599 1355 quam
621 1277 688 1352 luit,
711 1286 798 1356 atqua
821 1279 923 1356 eadem
946 1295 1010 1337 cras

14 1363 147 1422 Deteret
167 1363 280 1438 exiguis
302 1361 425 1439 aliquid:
451 1363 638 1439 proponimus
659 1361 729 1422 illuc
750 1388 755 1396 ·

16 1447 83 1521 Ire,
105 1445 243 1523 fatigatas
265 1445 313 1504 uhi
334 1444 481 1506 Daedalus
504 1446 584 1504 exuit
606 1445 677 1506 alas.
976 1457 1010 1508 25

16 1531 95 1590 Dum
118 1545 196 1588 nova
218 1529 356 1604 canities,
378 1529 444 1588 dum
463 1529 554 1606 prima
576 1537 606 1588 et
623 1537 705 1588 recta
728 1537 874 1604 senectus,

17 1614 95 1673 Dum
118 1621 256 1690 superest
279 1612 402 1673 Lachesi
426 1612 503 1690 quod
525 1620 675 1690 torqueat,
701 1621 730 1671 et
751 1611 875 1690 pedibus
896 1630 942 1672 me

17 1699 109 1757 Porto
132 1697 220 1770 meis,
242 1697 321 1757 nullo
345 1697 474 1756 dextram
496 1694 637 1756 subeunte
657 1695 777 1773 bacillo,

20 1780 169 1840 Cedamus
189 1781 296 1858 patria:
318 1781 415 1840 vivant
435 1778 569 1840 Artorius
589 1781 655 1840 istic

22 1865 59 1924 Et
82 1861 218 1932 Catulum
241 1873 391 1939 maneant,
416 1865 463 1942 qni
485 1864 597 1941 nigrum
619 1865 648 1922 in
670 1865 790 1924 candida
812 1872 937 1938 vertunt,
975 1873 1010 1926 30

21 1949 116 2021 Queis
138 1947 226 2006 iacile
250 1956 294 2007 est
316 1947 419 2008 aedem
442 1947 625 2022 conducere,
649 1947 778 2022 llumina,
802 1956 913 2025 portus,

21 2031 195 2092 Siccandam
216 2031 355 2106 eluviem,
376 2031 546 2110 portandum
566 2031 602 2091 ad
624 2031 706 2090 busta
730 2031 865 2106 cadauer,

22 2116 63 2180 Et
81 2114 226 2194 praehere
250 2124 336 2194 caput
357 2115 470 2175 domina
490 2115 595 2176 venale
618 2113 671 2175 suh
692 2115 783 2175 hasta.

23 2200 174 2273 Quondam
197 2199 226 2259 hi
250 2199 414 2258 cornicines
437 2207 467 2258 et
486 2199 667 2278 municipalis
689 2217 796 2260 arenae

23 2284 161 2363 Perpetui
184 2283 306 2342 comites
326 2291 471 2361 notaeque
494 2300 547 2360 per
569 2282 675 2361 oppida
697 2282 808 2343 hucoae
975 2293 1008 2346 35

23 2367 141 2426 Munera
163 2383 238 2426 nunc
261 2366 365 2444 edunt,
392 2375 421 2426 et
438 2383 526 2426 verso
551 2366 660 2445 pollice
682 2366 787 2444 vulgus

24 2451 117 2523 Quem
139 2449 219 2510 iuhet
241 2450 377 2510 occidunt
398 2450 591 2529 populariter:
614 2450 681 2510 inde
702 2451 815 2511 reversi

25 2533 195 2593 Conducunt
215 2533 346 2607 ioricas;
373 2543 404 2594 et
425 2553 476 2594 cur
491 2551 548 2594 non
570 2531 687 2594 omnia?
710 2553 795 2614 quum
818 2535 884 2611 sint,

25 2617 134 2689 Quales
156 2635 193 2676 ex
214 2616 313 2677 humili
335 2636 438 2694 magna
461 2618 497 2678 ad
518 2617 632 2696 fastigia
653 2636 750 2679 rerum

25 2699 159 2778 Extollit,
183 2702 299 2781 quoties
320 2702 411 2762 voluit
421 2701 545 2762 Fortuna
564 2703 665 2762 iocari.
975 2711 1011 2762 40

27 2783 101 2858 Quid
122 2783 232 2846 Romae
254 2783 380 2847 faciam?
403 2785 515 2845 mentiri
536 2787 656 2858 nescio;
679 2784 792 2860 lihrum,

26 2871 57 2928 Si
78 2867 167 2928 malus
189 2878 252 2944 est,
274 2886 390 2948 nequeo
411 2869 530 2930 laudare
552 2879 580 2929 et
602 2886 746 2948 poscere;
768 2875 863 2927 motus

28 2952 174 3012 detrorum
195 2953 315 3030 ignoro;
335 2954 419 3013 funus
442 2955 612 3032 promittere
635 2952 725 3030 patris

28 3034 88 3095 Nec
109 3035 176 3095 volo
197 3055 253 3096 neo
277 3053 411 3115 possum;
433 3056 565 3098 ranarum
585 3037 700 3096 viscera
721 3051 873 3112 numquam

28 3118 158 3196 lnspexi;
179 3118 260 3180 ferre
282 3121 319 3180 ad
341 3130 474 3200 nuptam,
498 3139 572 3200 qnae
594 3120 677 3179 mittit
699 3117 822 3193 adulter,
976 3125 1009 3178 45
1035 3120 1040 3128 '

30 3201 108 3274 Quae
127 3203 256 3281 mandat,
280 3214 384 3265 norunt
406 3205 469 3276 alii;
491 3223 537 3264 me
559 3221 643 3264 nemo
665 3203 794 3262 ministro

30 3283 85 3343 Fur
102 3287 170 3362 erit,
194 3296 281 3365 atque
302 3289 368 3348 ideo
390 3288 460 3348 nulli
483 3305 582 3348 comes
603 3305 697 3364 exeo,
720 3295 863 3364 tamquam

32 3367 142 3429 Manena
162 3379 192 3430 et
214 3373 377 3432 exstinctae
400 3391 508 3452 corpus
531 3389 589 3431 non
613 3372 681 3432 utile
704 3371 835 3431 dextrae.

33 3449 98 3522 Quis
118 3471 192 3512 nuuc
215 3453 356 3532 diligitur,
376 3457 430 3514 nisi
452 3457 602 3531 conscius,
627 3465 656 3515 et
678 3456 724 3515 cui
745 3454 865 3514 lervens

35 3533 145 3630 Aestuat
166 3537 291 3597 occultis
307 3540 417 3599 animus
438 3557 612 3618 semperque
635 3535 788 3600 tacendis?
977 3546 1010 3595 50
