2460 4004
415 271 539 318 sautum
564 272 641 320 XIII.
982 264 1022 325 87

41 415 156 494 Eligies
180 413 255 472 inter
277 419 390 470 vestras
410 419 589 491 statuamque
610 412 737 489 Vagelli.

77 499 206 578 Accipe,
231 513 306 575 quae
330 503 431 554 contra
447 495 545 555 valeat
564 496 668 556 solatia
688 496 767 556 ierre
976 514 1025 566 120

40 583 72 642 lit
92 584 139 662 qui
160 599 216 641 nec
238 577 383 656 Cynicos,
407 597 463 638 nec
485 579 585 640 Stoica
606 579 741 657 dogmata
763 580 835 658 legit

39 668 62 726 Α
84 666 199 742 Cynicis
220 665 317 724 tunica
339 663 491 738 distantia,
515 680 573 722 non
591 662 750 742 Epicurum

38 751 161 829 Suspicit
180 749 277 825 exigui
300 747 407 808 laetum
429 746 608 825 plantaribus
629 748 715 808 horti.

39 833 177 894 curentur
198 832 276 893 dubii
298 830 420 892 medicis
441 831 600 891 maioribus
619 833 711 909 aegri,

36 917 75 978 l'u
105 935 208 978 venam
240 916 290 978 rel
322 915 467 994 discipulo
487 917 633 976 committe
651 915 785 995 Pbilippi.
973 930 1027 982 125

35 1003 63 1063 Si
81 1001 189 1062 nullum
211 1001 239 1059 in
262 1000 348 1060 terris
370 1008 427 1060 tam
449 999 625 1060 detestabile
647 1000 754 1061 factum

34 1086 189 1163 Ostendis,
213 1094 316 1159 tacco,
340 1102 396 1143 nec
421 1085 525 1162 pugnis
550 1083 677 1146 caedere
697 1093 801 1164 pectus

33 1170 73 1230 l'e
94 1178 167 1229 veto
189 1185 244 1229 nec
267 1165 353 1246 plana
376 1168 481 1228 faciem
503 1168 681 1230 contundere
704 1169 813 1248 palma;

33 1252 274 1331 Quandoquidem
295 1260 421 1331 accepto
445 1252 604 1314 claudenda
625 1262 671 1312 est
692 1255 775 1314 ianua
798 1254 912 1332 damno,

32 1337 67 1396 llt
88 1337 200 1397 maiore
224 1336 325 1396 domus
347 1338 473 1414 gemitu,
494 1339 603 1398 maiore
625 1338 745 1398 tumultu
973 1348 1026 1403 13⁰

31 1421 210 1499 Planguntur
227 1421 347 1495 nummi,
369 1438 455 1500 quam
478 1420 589 1481 lunera.
634 1419 726 1480 Nemo
749 1419 882 1482 dolorem

31 1502 128 1584 Fingit
149 1505 178 1563 in
197 1503 255 1564 boc
277 1521 363 1580 casu,
383 1513 495 1564 vestem
517 1505 655 1565 diducere
676 1520 814 1564 summam

33 1587 210 1662 Contentus,
233 1603 343 1646 vexare
367 1587 471 1649 oculos
489 1587 610 1648 humore
634 1597 752 1648 coacto:

30 1672 166 1733 Plorator
189 1671 314 1732 lacrimis
339 1672 443 1731 amissa
465 1671 588 1751 pecunia
607 1673 696 1731 veris.

29 1757 90 1817 Scd
115 1757 139 1815 si
162 1763 265 1816 cuncta
287 1754 370 1815 vides
394 1755 477 1816 simili
499 1755 563 1817 iora
585 1755 671 1835 plena
694 1757 837 1837 querella,
972 1768 1027 1822 135

28 1841 58 1900 Si
85 1840 189 1900 decies
211 1839 296 1899 lectis
317 1839 433 1900 diversa
456 1850 539 1918 parte
559 1840 677 1900 tabellis

27 1923 114 1984 Vana
135 1925 309 2000 supervacui
332 1922 429 1982 dicunt
454 1923 648 2000 chirographa
671 1923 752 2000 ligni,

26 2006 139 2084 Arguit
161 2007 289 2082 ipsorum
312 2021 386 2082 quos
408 2005 505 2065 littera
527 2022 699 2082 gemmaque
722 2007 860 2085 princeps

25 2087 268 2163 Sardonychum,
288 2086 393 2147 loculis
417 2105 491 2165 quae
516 2087 675 2148 custoditur
697 2088 830 2148 eburnis:

26 2172 124 2248 Ten',
148 2189 166 2232 o
190 2170 327 2232 delicias!
351 2179 433 2232 extra
458 2173 616 2232 communia
636 2190 741 2232 censes
974 2183 1028 2237 lto

27 2256 219 2332 Ponendum,
240 2256 306 2334 quia
323 2265 352 2316 tu
374 2255 501 2334 gallinae
523 2256 598 2317 lilius
619 2256 715 2334 albae,

27 2342 92 2402 Nos
116 2340 192 2400 viles
214 2339 305 2418 pulli,
328 2343 385 2401 nati
408 2340 572 2402 infelicibus
596 2337 680 2401 ovis?

29 2425 106 2486 Rern
126 2424 236 2504 pateris
258 2424 401 2485 modicam
423 2435 453 2486 et
473 2419 614 2486 mediocri
634 2425 693 2486 bile
716 2423 875 2500 ferendam,

30 2512 60 2569 Si
85 2508 190 2569 tlectas
214 2507 317 2570 oculos
338 2510 448 2571 maiora
470 2510 506 2570 ad
528 2510 655 2572 crimina.
703 2506 812 2569 Gonier

31 2591 216 2654 Conductum
235 2592 393 2671 latronem,
416 2594 550 2655 incendia
581 2596 692 2656 sulfure
732 2600 838 2670 coepta
974 2602 1026 2654 14⁵

31 2677 134 2755 Atque,
154 2676 240 2753 dolo,
264 2678 373 2755 primos
396 2695 481 2755 quum
503 2680 586 2739 ianua
610 2677 722 2756 colligit
743 2678 843 2754 ignes;

33 2759 145 2821 Confer
167 2769 197 2821 et
218 2758 291 2837 hos,
312 2761 422 2820 veteris
446 2762 495 2840 qui
517 2761 620 2822 tollunt
641 2760 761 2839 grandia
785 2760 885 2840 templi

32 2843 142 2904 Pocula
161 2845 327 2905 adorandae
350 2844 491 2922 robiginis
510 2855 538 2905 et
560 2845 735 2925 populorum

32 2927 118 2988 Dona
139 2929 189 2989 vel
206 2929 323 3008 antiquo
345 2929 457 3008 positas
478 2946 494 2988 a
516 2947 589 3006 rege
612 2946 746 2988 coronas.

32 3011 115 3072 llaec
135 3011 175 3071 ibi
195 3014 219 3072 si
237 3030 294 3074 non
317 3022 399 3090 sunt,
421 3013 514 3072 minor
535 3021 630 3072 exstat
652 3013 832 3090 sacrilegus,
859 3013 907 3091 qui
974 3024 1026 3076 15⁰

34 3094 129 3156 Radat
150 3097 269 3158 inaurati
289 3098 382 3157 lemur
397 3096 531 3158 llerculis
555 3106 584 3157 ct
607 3097 712 3156 faciem
733 3097 825 3175 ipsam

35 3177 177 3259 Neptuni,
200 3182 247 3262 qui
269 3181 448 3242 bracteolam
472 3181 508 3242 dc
532 3178 656 3242 Castore
679 3180 778 3249 ducat;

36 3261 79 3322 Αιι
101 3263 229 3344 dubitet,
253 3266 354 3325 solitus
375 3274 464 3325 totum
488 3264 616 3326 conflare
640 3260 819 3324 Tonantem?

37 3343 146 3406 Gonicr
168 3357 197 3408 et
217 3349 345 3409 artifices
365 3357 617 3428 mercatoremque
639 3349 743 3408 veneni

36 3425 71 3488 Et
93 3429 293 3493 deducendum
311 3435 392 3495 corio
411 3433 494 3494 bovis
515 3435 543 3493 in
564 3451 660 3510 mare,
683 3452 746 3494 curn
769 3449 827 3513 qno
974 3441 1026 3494 15⁶
1054 3497 1057 3504 ,

37 3507 184 3573 Clauditur
206 3514 336 3577 adversis
358 3518 473 3579 innoxia
496 3518 577 3578 simia
596 3517 672 3578 latis.
