2480 4006
424 277 548 323 SATIRA
569 279 615 325 IV.

13 410 91 471 Nam
116 412 187 472 mibi
211 423 351 474 commota
374 415 532 474 iamdudum
557 416 643 475 mulio
667 419 747 494 virga

14 495 144 555 Annuit:
174 514 247 574 ergo
269 497 335 558 vale
358 500 449 557 nostri
470 516 594 574 memor,
618 509 647 558 et
668 504 781 579 quoties
808 511 835 561 te

14 577 113 638 Roma
139 588 189 638 tuo
213 582 294 640 relioi
315 591 518 660 properantem
541 583 644 642 reddet
667 585 794 662 Aquino,

14 661 65 720 llle
92 680 213 741 quoque
236 667 270 724 ad
289 665 438 724 Helvinam
456 663 593 725 Cererem
616 676 801 747 vestramque
819 668 937 730 Dianam
962 681 1012 735 320

16 743 172 806 Converte
196 765 211 806 a
234 747 345 808 Cumis:
368 750 516 808 satirarum
541 767 613 826 ego,
638 753 665 809 ni
688 752 778 828 pudet
800 751 878 826 illas,

17 829 148 888 Adiutor
170 831 286 907 gelidos
308 832 420 891 reniam
443 833 584 910 caligatus
608 835 636 891 in
657 851 757 911 agros.

362 1149 687 1248 sarrunru

22 1282 109 1372 Ecce
133 1313 235 1372 iterum
263 1312 428 1392 Crispinus,
453 1324 482 1374 et
503 1324 548 1374 est
567 1314 633 1373 mihi
656 1333 746 1392 saepe
770 1317 917 1376 vocandus

23 1399 66 1457 Ad
90 1406 208 1474 partes,
236 1407 391 1457 monstrum
416 1399 494 1458 nulla
517 1401 623 1457 virtute
644 1399 824 1476 redemptum

24 1483 48 1539 A
72 1482 168 1555 vitiis,
192 1499 299 1559 aegrae
322 1483 444 1559 solaque
468 1481 585 1541 libidine
608 1482 701 1542 fortes

22 1565 172 1624 Deliciae:
195 1565 296 1624 viduas
319 1573 425 1624 tantum
446 1574 600 1643 spernatur
622 1564 747 1625 adulter.

21 1647 99 1721 Quid
123 1647 214 1707 refert
237 1649 339 1725 igitur,
363 1649 475 1726 quantis
498 1649 620 1708 iumenta
644 1648 747 1724 fatiget
995 1665 1011 1716 5

20 1731 205 1806 Porticibus,
230 1741 332 1809 quanta
355 1749 501 1792 nemorum
522 1741 654 1792 vectetur
676 1733 703 1790 in
726 1731 836 1807 umbra,

22 1815 130 1891 lugera
154 1825 223 1892 quot
243 1817 335 1875 vicina
357 1817 438 1892 foro,
462 1833 533 1894 quas
557 1817 657 1874 emerit
681 1813 790 1874 aedes?

21 1897 117 1957 Nemo
140 1897 231 1956 malus
258 1899 343 1973 lelix,
366 1901 480 1957 minime
503 1907 656 1975 corruptor
678 1907 707 1955 et
730 1899 804 1956 idem

20 1981 175 2055 Incestus,
199 1998 262 2039 eum
285 1998 341 2058 quo
368 1999 459 2057 nuper
483 1982 582 2039 vittata
609 1979 722 2038 iacebat

22 2064 174 2140 Sanguine
198 2063 290 2122 adbuc
312 2065 378 2122 vivo
402 2057 506 2122 terram
530 2063 656 2122 subitura
679 2063 828 2122 sacerdos.
980 2077 1012 2128 10

24 2149 86 2209 Sed
113 2164 187 2206 nuuc
208 2145 245 2206 de
265 2147 350 2206 lactis
372 2146 547 2206 levioribus:
574 2155 603 2205 et
626 2155 719 2205 tamen
743 2146 817 2206 alter

25 2234 57 2292 Si
80 2231 202 2290 lecisset
224 2230 315 2307 idem,
338 2230 456 2291 caderet
477 2229 531 2289 sub
553 2230 646 2289 iudice
670 2247 793 2296 morum;

25 2315 99 2375 Nam
122 2315 197 2392 quod
220 2323 304 2392 turpe
326 2314 425 2391 bonis,
449 2314 523 2374 Titio
547 2315 693 2390 Seioque,
717 2313 842 2374 decebat

28 2398 205 2476 Crispinum:
229 2398 296 2476 quid
319 2415 405 2476 agas,
429 2417 513 2477 quum
536 2397 596 2457 dira
620 2407 649 2457 et
670 2397 786 2457 ioedior
808 2398 884 2455 omni

30 2481 153 2540 Crimine
176 2498 301 2559 persona
325 2478 390 2540 est‘l
433 2479 549 2541 llullum
576 2501 629 2541 sex
662 2480 775 2540 milibus
799 2481 876 2556 emit,
978 2493 1011 2544 15

31 2567 208 2643 Aequantem
231 2583 300 2624 sanc
323 2565 440 2643 paribus
462 2566 595 2624 sestertia
617 2565 709 2639 libris,

32 2649 69 2707 Ut
90 2648 255 2726 perhibent,
280 2649 328 2727 qui
354 2649 389 2708 de
412 2649 522 2724 magnis
544 2651 650 2708 maiora
677 2649 841 2727 loquuntur.
905 2668 909 2678 ·

34 2731 187 2791 Consilium
210 2732 296 2792 laudo
320 2733 453 2807 artillcis,
477 2733 501 2790 si
523 2749 640 2791 munere
662 2741 741 2791 tanto

32 2815 214 2898 Praecipuam
234 2819 262 2875 in
284 2815 388 2875 tabulis
414 2833 510 2875 ceram
535 2816 612 2874 senis
639 2814 757 2874 abstulit
778 2815 859 2882 orbi;

34 2897 86 2956 Est
106 2900 176 2958 ratio
199 2897 336 2975 ulterior,
362 2917 484 2976 magnae
503 2900 527 2957 si
552 2899 628 2956 misit
649 2900 768 2972 amicae,
977 2908 1013 2960 20

35 2981 114 3054 Quae
134 2983 247 3042 vehitur
271 2983 371 3042 clauso
394 2984 459 3042 latis
482 2981 683 3060 specularibus
708 2991 799 3041 antro.

36 3064 78 3123 Nil
100 3065 156 3126 tale
179 3075 351 3144 exspectes:
375 3069 443 3125 emit
466 3065 530 3124 sibl.
575 3063 662 3124 lll'ulta
684 3067 825 3141 videmus,

36 3147 113 3220 Quae
133 3150 221 3209 miser
243 3159 272 3209 et
293 3151 369 3227 frugi
394 3167 451 3209 uon
473 3149 543 3208 lecit
566 3147 701 3226 Apicius!
745 3148 809 3208 Hoc
830 3157 870 3223 tu,

38 3233 201 3292 Succinctus
223 3234 314 3311 patria
339 3233 496 3311 quondam,
523 3230 673 3310 Crispine,
698 3249 821 3310 papyro,

37 3314 96 3374 Hoc
114 3318 208 3394 pretio
229 3315 397 3394 squamam?
430 3316 524 3379 Potuit
547 3317 673 3374 fortasse
694 3317 812 3374 minoris
979 3321 1013 3373 25

39 3398 161 3458 Piscator
185 3417 268 3476 quam
292 3403 381 3478 piscis
404 3401 473 3465 emi:
497 3401 645 3477 provincia
669 3401 737 3458 tanti

39 3481 136 3542 Vendit
158 3500 264 3560 agros,
287 3487 338 3546 sed
362 3486 487 3543 maiores
510 3481 636 3561 Appulia
658 3482 764 3539 vendit.
822 3560 860 3604 ἢ*
