2480 4006
199 248 239 308 48
526 259 559 303 1).
579 257 648 304 run.
666 255 851 302 ruvuuunrs

199 397 255 470 Qui
277 396 359 455 locus
380 394 513 472 ingenio,
537 393 590 451 nisi
614 411 698 471 quum
721 410 754 451 sc
775 393 900 452 carmine
921 392 987 452 solo

198 481 312 539 Vexant
335 487 364 537 et
386 478 506 538 dominis
531 474 651 535 Cirrhae
672 475 829 555 Nysaeque
852 477 982 536 feruntur

198 564 321 623 Pectora
344 571 458 637 vestra,
483 561 553 620 duas
575 576 631 618 non
655 559 831 628 admittentia
853 557 959 620 curas?
1163 573 1197 626 65

198 646 320 723 Magnae
342 646 445 704 mentis
466 662 539 722 opus
561 661 616 702 nec
638 641 674 701 de
697 643 793 703 lodice
815 644 943 721 paranda

198 731 362 806 Attonitae,
386 746 486 790 currus
509 737 538 788 et
560 743 652 804 equos
672 726 822 806 faciesque
845 727 965 788 deornm

197 814 342 892 Aspicere
378 821 407 872 et
429 811 522 890 qualis
544 810 677 870 Rutulum
699 811 856 871 confundat
876 809 992 886 Erinys.

197 896 269 956 Nam
293 897 317 955 si
338 895 469 972 Vergilio
491 913 564 972 puer
586 903 614 954 et
632 893 786 954 tolerabile
809 895 930 954 deesset

198 980 374 1058 Hospitium,
398 967 539 1038 caderent‘
560 995 659 1039 omnes
682 996 698 1037 a
724 978 848 1038 crinibus
871 977 969 1053 hydri3
1048 1056 1052 1062 ‚
1162 991 1193 1045 70

198 1063 291 1124 Surda
313 1062 382 1121 nihil
404 1071 536 1138 gemeret
554 1079 644 1138 grave
664 1060 800 1130 buccina;
825 1063 990 1140 poscimus,
1014 1071 1044 1122 ut
1067 1065 1106 1122 sit

197 1147 263 1206 Non
284 1147 376 1205 minor
397 1147 513 1224 antiquo
536 1145 688 1205 Rubrenus
709 1143 810 1223 Lappa
834 1145 985 1222 cothurno,

199 1229 286 1290 Culus
310 1239 339 1289 et
360 1229 494 1289 alveolos
519 1239 548 1289 et
570 1229 681 1290 laenam
702 1230 834 1307 pignerat
857 1226 986 1288 Atreus?

198 1314 262 1374 Non
285 1312 373 1372 habet
396 1313 496 1374 infelix
517 1313 665 1389 Numitor,
689 1313 768 1392 quod
790 1314 881 1372 mittat
903 1315 1015 1373 amico:

199 1397 356 1471 Quintillae
376 1397 453 1474 quod
476 1397 580 1473 donet,
604 1395 707 1461 habet:
731 1415 787 1456 nec
809 1397 900 1457 deluit
918 1397 970 1473 illi,
1160 1407 1191 1461 ts

198 1481 280 1542 Unde
304 1490 415 1554 emeret
433 1480 520 1541 multa
543 1481 721 1560 pascendum
743 1499 830 1540 carue
851 1481 967 1540 leonem

198 1565 256 1626 lam
278 1564 431 1624 domitum:
453 1574 566 1624 constat
587 1565 691 1625 leviori
713 1564 810 1624 bellua
834 1574 947 1643 sumptu

197 1649 350 1724 Nimirum,
374 1657 403 1707 et
424 1650 539 1726 capiunt
558 1648 623 1726 plns
645 1649 778 1707 intestina
801 1657 918 1725 poetae.

199 1732 358 1792 Contentus
381 1731 456 1790 lama
479 1733 573 1790 iaceat
595 1730 725 1790 Lucanus
748 1732 775 1790 in
797 1731 889 1791 hortis

199 1815 385 1876 Marmoreis:
410 1823 438 1874 at
458 1815 584 1874 Serrano
605 1815 742 1892 tenuique
763 1815 862 1875 Saleio
1159 1828 1190 1879 80

200 1898 298 1960 Gloria
320 1897 499 1978 quantalibet
521 1899 589 1977 quid
608 1901 677 1975 erit,
701 1901 726 1958 si
750 1898 845 1976 gloria
867 1907 975 1959 tautum
996 1897 1062 1959 est‘l

200 1982 329 2042 Curritur
350 1982 386 2043 ad
406 1999 509 2042 vocem
531 1982 682 2042 iucundam
705 1991 734 2041 et
756 2000 872 2042 carmen
894 1984 1005 2043 amicae

200 2066 385 2142 Thebaidos,
408 2065 512 2126 laetam
534 2083 618 2142 quum
641 2065 711 2124 fecit
733 2067 840 2126 Statius
862 2065 964 2125 urbem

200 2149 392 2226 Promisitque
413 2149 500 2208 diem:
524 2158 601 2208 tanta
625 2149 778 2223 dulcedine
801 2159 903 2228 captos

200 2231 300 2292 Allicit
320 2233 372 2292 ille
395 2234 521 2307 animos,
543 2241 678 2312 tantaque
701 2233 820 2294 libidine
841 2233 921 2310 vulgi

200 2316 335 2384 Auditum
360 2315 412 2375 sed
435 2334 521 2394 quum
543 2315 640 2392 fregit¹
653 2316 792 2377 subsellia
813 2335 912 2392 versu,

200 2398 316 2476 Esurit,
338 2401 473 2460 intactam
495 2398 588 2459 Paridi
610 2402 664 2459 nisi
685 2400 783 2460 vendit
804 2401 936 2479 Agaven.

200 2483 254 2542 llle
277 2491 306 2542 et
325 2483 443 2542 militiae
463 2483 559 2542 multis
581 2483 702 2562 largitus
722 2484 862 2544 honorem

202 2562 364 2625 Semeustri'
384 2565 491 2643 digitos
515 2575 610 2626 vatum
635 2568 814 2646 circumligat
838 2585 918 2628 auro.

202 2649 287 2722 Quod
309 2666 366 2710 non
389 2650 455 2710 dant
477 2667 637 2728 proceres,
659 2651 736 2712 dabit
757 2653 875 2712 histrio:
896 2659 925 2710 tu
947 2648 1117 2712 Camerinos
1157 2665 1186 2717 9⁰

201 2731 237 2792 Et
258 2733 395 2810 Baream,
419 2743 449 2793 tu
467 2734 606 2794 nobilium
628 2753 730 2813 magna
752 2738 823 2796 atria
846 2731 952 2795 curas?

201 2816 370 2877 Praefectos
391 2817 520 2896 Pelopea
542 2819 626 2893 iacit,
652 2819 811 2879 Philomela
833 2819 973 2880 tribunos.

201 2901 282 2960 Haud
304 2910 399 2960 tamen
421 2902 552 2962 invideas
573 2903 648 2979 vati,
671 2921 756 2982 quem
778 2903 888 2982 pulpita
911 2909 1041 2980 pascunt.

203 2983 274 3056 Quis
295 2985 346 3044 tibi
360 2983 533 3059 Maecenas,
553 2988 616 3064 quis
641 3005 716 3046 nnnc
739 2988 793 3046 erit
809 2995 857 3048 aut
879 2985 1050 3046 Proculeius

202 3067 260 3125 Aut
281 3065 407 3127 Fabius?
430 3069 493 3148 quis
517 3067 601 3130 Cotta
623 3072 740 3146 iterum,
765 3073 828 3149 quis
849 3069 986 3130 Lentulus
1007 3067 1103 3130 alter?
1155 3082 1185 3136 95

202 3149 283 3210 Tunc
302 3169 355 3228 par
377 3153 493 3228 ingenio
515 3155 652 3231 pretium;
676 3163 745 3214 tuno
768 3155 837 3214 utile
859 3153 954 3213 multis

202 3233 317 3293 Pallene
339 3245 368 3294 et
390 3238 485 3295 vinnm
505 3246 566 3296 toto
588 3239 703 3298 nescire
725 3237 891 3297 Decembri.

242 3316 350 3378 Vester
369 3336 458 3396 porro
479 3320 563 3380 labor
584 3321 752 3396 facundior,
773 3322 956 3382 historiarum

201 3401 391 3479 Scriptores?
413 3405 485 3483 petit
506 3405 553 3464 hic
575 3405 640 3483 plns
662 3407 802 3484 temporis
823 3414 909 3484 atque
931 3405 990 3466 olei
1013 3403 1094 3484 plus;

201 3485 288 3547 Nullo
309 3487 416 3566 qnippe
436 3489 523 3550 modo
545 3489 697 3550 millesima
718 3491 823 3568 pagina
845 3489 936 3566 surgit
1139 3503 1183 3554 lou
