2460 4004
219 278 259 338 52
543 293 578 338 n.
601 291 671 340 run.
694 291 880 340 invasurus

147 451 149 462 ’
261 429 333 504 Quis
353 431 465 507 gremio
484 427 586 490 Celadi
608 430 744 508 doctique
767 431 949 491 Palaemonis
971 431 1066 508 allent,
1157 445 1203 498 215

219 513 359 588 Quantum
381 514 582 590 grammaticus
604 516 706 575 meruit
723 511 829 574 labor?
849 523 878 573 et
897 523 992 574 tamen
1014 533 1051 574 ex
1073 517 1133 578 hoc

219 597 427 675 Quodcumque
451 606 496 656 est
518 597 625 674 (minus
648 607 694 658 est
713 607 807 659 autem
829 616 913 677 quam
934 597 1059 658 rhetoris
1083 605 1172 682 aera)

217 680 360 760 Discipuli
383 690 481 740 custos
501 682 687 759 praemordet
708 692 941 750 acoenonoetus;

217 764 255 825 lit
276 766 324 844 qui
343 765 507 842 dispensat,
528 765 643 843 frangat
665 765 729 825 sibi.
772 764 868 841 Gede,
891 765 1062 842 Palaemon,

218 847 254 908 Et
275 858 376 927 patere
396 848 462 908 inde
483 847 590 926 aliquid
615 849 808 926 decrescere,
833 866 890 909 non
907 849 992 909 aliter
1014 867 1100 929 quam
1158 863 1220 916 2201

217 931 333 992 institor
353 931 491 991 hibernae
513 933 620 1009 tegetis
642 933 777 1010 niveique
800 933 932 1001 cadurci;

217 1015 377 1075 Dummodo
400 1032 457 1074 non
478 1025 596 1094 pereat,
620 1016 733 1076 mediae
754 1017 832 1095 quod
853 1017 948 1077 noctis
970 1015 1006 1077 ab
1030 1016 1121 1078 hora'

217 1099 340 1174 Sedisti,
361 1117 418 1177 qua
441 1115 525 1158 nemo
548 1099 647 1175 inber,
670 1117 727 1178 qua
749 1117 834 1160 nemo
853 1099 988 1176 sederet,

218 1182 273 1257 Qui
295 1181 383 1242 docet
403 1182 523 1260 obliquo
546 1183 639 1243 lanam
660 1183 807 1244 deducere
828 1184 924 1251 ferro:

217 1265 377 1326 Dummodo
399 1283 457 1325 nou
480 1276 599 1344 pereat,
619 1267 739 1327 totidem
757 1269 898 1329 oliecisse
920 1267 1073 1345 lucernas,
1156 1283 1202 1334 alt

218 1349 296 1422 Quot
316 1348 429 1410 stabant
450 1352 545 1428 pueri,
567 1369 652 1428 quum
673 1347 750 1412 totus
771 1352 894 1412 decolor
917 1360 997 1414 esset

217 1431 339 1492 Flaccus
359 1442 388 1492 et
408 1433 545 1494 haereret
566 1437 649 1513 nigro
668 1435 758 1513 iuligo
780 1434 900 1496 llaroni.

217 1515 293 1576 Rara
315 1525 410 1576 tamen
431 1535 562 1595 merces,
586 1537 660 1598 qnae
684 1521 849 1597 cognitione
872 1519 978 1579 tribuni

216 1598 281 1659 Non
304 1609 400 1678 egeat.
444 1602 504 1662 Sed
524 1619 579 1661 vos
601 1620 704 1664 saevas
725 1605 864 1682 imponite
885 1603 981 1680 leges,

217 1682 254 1744 Ut
275 1685 463 1762 praeceptori
484 1685 639 1746 verborum
660 1686 762 1764 regula
783 1697 907 1763 constet,
1154 1699 1202 1752 230

219 1765 254 1826 Ut
276 1767 356 1845 legat
376 1767 527 1844 historias,
550 1778 685 1828 auctores
709 1772 823 1830 noverit
845 1788 945 1831 omnes

218 1848 373 1933 Tamquam
394 1870 506 1930 ungares
529 1853 696 1931 digitosque
717 1871 801 1922 suos;
825 1863 854 1914 ut
872 1854 949 1914 iorte
972 1862 1105 1931 rogatus,

217 1936 291 1996 Dum
312 1937 385 2014 petit
405 1945 453 1996 aut
471 1937 598 1997 thermas
621 1946 669 1998 aut
691 1937 802 1998 Phoebi
823 1937 944 2013 balnea,
967 1937 1044 1997 dicat

216 2019 364 2080 Nutricem
385 2019 550 2097 Anchisae,
572 2038 677 2081 nomen
697 2022 876 2101 patriamque
898 2038 1045 2081 novercae

217 2102 403 2171 Anchemoli3
426 2103 519 2181 dicat,
543 2114 613 2183 quot
634 2104 760 2165 Acestes
780 2107 885 2166 vixerit
906 2106 997 2181 aunis,
1153 2119 1199 2172 235

219 2185 296 2258 Quot
318 2185 409 2246 Siculi
431 2186 594 2265 Phrygibus
615 2190 674 2247 vini
698 2189 850 2249 donaverit
870 2207 966 2250 urnas.

216 2267 349 2346 Exigite,
372 2277 403 2329 ut
424 2287 521 2330 mores
543 2280 662 2331 teneros
683 2291 737 2332 ceu
760 2273 870 2350 pollice
892 2273 987 2348 ducat,

216 2351 254 2412 Ut
274 2353 299 2412 si
321 2354 385 2431 quis
406 2371 475 2413 cera
495 2354 604 2415 vultum
622 2355 705 2425 iacit3
729 2359 855 2435 exigite,
878 2366 908 2416 ut
928 2358 965 2416 sit

217 2434 254 2494 Et
276 2445 359 2514 pater
381 2437 472 2514 ipsius
495 2449 615 2515 coetus,
638 2457 675 2498 ne
693 2442 787 2519 turpia
810 2441 918 2516 ludant,

216 2517 261 2578 Ne
280 2520 387 2580 iaciant
410 2520 531 2580 vicibus.
576 2521 641 2583 Non
663 2533 707 2583 est
728 2524 796 2594 leve
815 2533 857 2584 tot
880 2541 1036 2602 puerorum
1157 2539 1201 2590 ast

217 2601 383 2664 Observare
405 2621 505 2664 manns
527 2607 688 2686 oculosque
710 2609 738 2667 in
760 2608 816 2668 line
837 2617 1002 2668 trementes.
1158 2619 1161 2625 '

215 2684 312 2764 llaec,
334 2688 440 2767 inquit,
464 2707 549 2750 cura:
571 2692 624 2752 sed
647 2711 732 2771 quum
755 2710 787 2751 se
808 2693 930 2752 verterit
949 2709 1050 2768 annus,

216 2769 345 2850 Accipe,
369 2773 473 2832 victori
496 2774 623 2854 populus
645 2776 722 2854 quod
743 2775 885 2854 postulat,
909 2793 1016 2836 aurum.

624 2983 801 2991 μ...

527 3137 888 3204 SATIRAVHI.

216 3240 376 3334 Stemmata
400 3273 468 3352 quid
488 3269 618 3332 iaciunt?
637 3271 704 3350 quid
725 3274 862 3351 prodest,
884 3274 1020 3350 Pontice,
1046 3273 1142 3355 longo

216 3358 362 3434 Sanguine
384 3358 513 3430 censeri,
537 3357 633 3434 pictos
653 3357 810 3418 ostendere
831 3357 926 3417 vultus

215 3440 355 3500 liciorum
375 3447 405 3498 et
424 3448 532 3500 stantes
554 3441 582 3498 in
605 3440 735 3500 curribus
757 3441 935 3501 Aemilianos

216 3523 253 3583 Et
276 3519 380 3582 (iarios
401 3523 456 3583 iam
473 3524 605 3584 dimidios
626 3523 820 3603 humerosque
842 3526 980 3584 minorem
