2480 4006
207 290 242 350 10
529 298 564 345 1).
588 298 658 344 rurs.
681 295 867 342 ruvnusnrs

201 439 238 501 Et
259 447 374 499 contum
395 446 424 498 et
446 437 548 514 Stygio
570 453 656 496 ranas
678 435 706 494 ia
726 434 842 511 gurgite
861 435 970 511 nigras,
1142 446 1192 497 1511

201 524 299 602 Atque
324 541 379 582 una
400 521 522 581 transire
544 519 648 580 vadum
670 527 713 578 tot
734 518 812 577 milia
842 517 954 594 cymba,

200 607 266 668 Nec
284 607 367 686 pueri
391 604 523 680 credunt,
543 604 597 664 nisi
620 601 811 682 qainondam
832 619 901 662 aere
924 602 1062 662 lavantur.

202 691 262 750 Sed
284 700 314 749 tu
330 707 402 749 vera
423 697 506 767 puta:
530 683 634 746 Curius
656 685 725 766 quid
748 686 835 745 sentit
857 694 887 745 et
902 684 986 744 ambo

202 775 373 852 Scipiadae,
399 773 467 851 quid
487 770 638 831 Fabricius
658 787 817 848 manesque
839 767 964 844 Camilli,

202 857 277 931 Quid
300 853 458 916 Cremerae
478 855 558 931 logio
581 863 610 913 ct
632 851 739 913 Cannis
758 862 927 931 consumpta
947 853 1089 930 iuventus,
1141 866 1194 918 155

202 940 258 1000 'lot
279 939 423 1000 bellorum
448 939 577 1012 animae,
602 939 718 1016 quoties
742 936 809 996 binc
830 936 896 996 talis
918 936 955 996 ad
976 936 1044 996 illos

202 1022 309 1083 Umbra
326 1019 426 1082 venit?
449 1030 590 1099 cuperent
608 1021 737 1096 lustrari,
761 1021 785 1079 si
804 1037 858 1099 qua
874 1020 1011 1080 darentur

202 1106 317 1166 Suliura
340 1124 403 1166 cum
431 1105 538 1179 taedis,
575 1111 605 1162 et
634 1105 662 1163 si
682 1103 759 1163 ieret
780 1103 894 1163 humida
911 1104 1018 1164 laurus.

202 1190 292 1267 llluc,
314 1188 388 1265 heu,
411 1189 509 1248 miseri
532 1187 719 1248 traducimur!
742 1187 830 1248 Arma
854 1188 969 1266 quidem
991 1188 1066 1248 ultra

202 1273 299 1334 Litora
319 1271 463 1332 lubernae
485 1273 682 1350 promovimus
704 1280 733 1331 et
755 1271 841 1332 modo
865 1280 965 1349 captas
1144 1283 1194 1337 160

204 1355 334 1417 Orcadas
356 1374 391 1416 ac
411 1356 524 1415 minima
547 1365 700 1416 contentos
722 1365 809 1416 nocte
831 1354 998 1428 Britannos3

202 1440 263 1500 Sed
282 1457 357 1519 quae
379 1458 455 1499 nunc
476 1439 576 1518 populi
597 1440 665 1499 liunt
686 1439 806 1498 uictoris
827 1440 856 1498 iu
878 1438 961 1514 urbe,

202 1523 268 1583 Non
288 1524 396 1583 faciunt
416 1523 475 1600 illi,
499 1540 573 1602 quos
591 1524 721 1583 vicimus.
767 1522 804 1582 Et
824 1532 920 1582 tamen
943 1539 1014 1582 unus

204 1607 359 1667 Armenius
381 1607 505 1668 Zalaces
529 1608 639 1667 cunctis
660 1616 792 1667 narratur
810 1607 934 1686 eplrebis

202 1689 320 1752 Mollior
341 1691 453 1751 ardenti
475 1709 543 1750 sese
565 1691 721 1751 indulsisse
742 1691 865 1750 tribuno.
1143 1699 1192 1753 165

203 1774 333 1853 Aspice,
355 1774 422 1853 quid
444 1773 550 1834 iaciant
574 1775 763 1834 commercia!
785 1784 907 1834 venerat
928 1773 1033 1847 obses;

203 1857 257 1917 llic
276 1857 345 1918 liunt
366 1856 507 1918 homiues.
553 1857 626 1918 Nam
648 1859 672 1917 si
693 1875 773 1918 mora
795 1858 910 1936 longior
933 1857 1033 1918 urbem

202 1939 323 2003 lndulsit
344 1943 460 2021 pueris,
482 1957 540 2002 non
563 1960 695 2021 umquam
719 1943 813 2002 deerit
836 1951 961 2016 amator;

202 2023 348 2086 blitteatur
368 2025 511 2102 braccae,
536 2027 664 2102 cultelli,
687 2027 788 2102 irena,
808 2025 969 2104 flagellum:

203 2110 253 2168 Sic
275 2118 477 2187 praetextatos
499 2110 630 2169 referunt
650 2110 790 2170 Artaxata
808 2127 916 2170 mores.
1145 2119 1194 2174 litt

612 2317 793 2325 ψ-

534 2472 861 2538 SATIRAIII.

204 2575 347 2680 Quamvis
368 2609 501 2686 digressu
521 2610 632 2670 veteris
655 2609 792 2670 confusus
815 2610 908 2686 amici,

203 2691 300 2752 baudo
321 2701 433 2769 tamen,
456 2693 556 2752 vacuis
576 2693 654 2773 quod
677 2693 777 2753 sedem
798 2693 890 2770 ligere
914 2690 1010 2753 Gumis

204 2774 338 2836 Destinet
359 2785 446 2854 atque
467 2796 553 2837 unum
576 2779 669 2838 civem
691 2775 799 2836 donare
821 2776 963 2852 Sibyllae.

202 2859 289 2920 lanua
314 2859 448 2921 Baiarum
467 2871 511 2920 est
533 2870 562 2921 et
581 2870 692 2938 gratum
715 2860 781 2920 litus
803 2862 916 2921 amoeni

203 2944 365 3015 Secessus;
388 2962 445 3022 ego
467 2944 516 3004 vel
540 2945 716 3020 Prochytam
733 2961 883 3023 praepono
906 2944 1048 3004 Suburae.
1182 2959 1198 3008 5

203 3025 275 3086 Nam
298 3027 365 3106 quid
387 3037 444 3088 tam
465 3029 618 3104 miserum,
640 3037 697 3088 tam
720 3028 813 3088 solum
832 3029 970 3104 vidimus,
994 3037 1025 3087 ut
1044 3046 1102 3087 non

203 3109 340 3170 Deterius
363 3111 467 3171 credas
490 3111 611 3171 horrere
634 3111 782 3188 incendia,
805 3112 904 3190 lapsus
987 3153 989 3160 ι

204 3193 360 3254 Tectorum
383 3194 517 3254 assiduos
539 3213 574 3254 ac
595 3194 674 3254 mille
697 3196 829 3275 pericula
852 3213 959 3255 saevae

178 3331 180 3336 .
203 3276 291 3337 Urbis
313 3285 342 3336 et
364 3277 497 3354 Augusto
519 3279 676 3338 recitantes
697 3298 798 3339 mense
821 3276 946 3359 poetas?

204 3359 264 3420 Sed
283 3359 347 3420 dum
366 3370 426 3420 tota
448 3361 550 3421 domus
570 3363 642 3422 reda
666 3364 847 3442 componitur
868 3381 934 3438 una,
1165 3374 1197 3426 lo

204 3442 336 3504 Substitit
359 3444 395 3504 ad
413 3453 531 3505 veteres
554 3464 638 3506 araus
660 3447 859 3525 madidamque
884 3443 1040 3523 Capenam.

203 3526 273 3606 llic,
296 3526 344 3588 ubi
363 3538 520 3590 nocturnae
543 3529 633 3590 Numa
656 3529 849 3590 constituebat
871 3529 994 3604 amicae,
