2480 4006
417 271 543 320 SATIRA
563 273 596 318 V.

12 415 133 488 tsnea,
160 412 285 473 callebat
307 415 399 491 primo
423 410 605 488 deprendere
628 427 741 478 morsu;

23 497 44 556 lt
68 496 166 556 semel
188 499 299 575 aspecti
324 496 391 556 litus
414 493 528 554 dicebat
550 493 653 553 echini.

22 582 161 657 ‘urgitur‚
186 590 216 640 et
236 582 325 640 misso
346 596 488 658 proceres
509 579 590 636 exire
614 577 747 636 iubentur

24 663 165 739 tonsilio‚
189 681 262 742 quos
284 663 424 723 Albanam
447 662 505 720 dux
527 679 647 738 magnus
669 661 698 720 in
719 677 816 720 arcem
946 672 996 725 llo

20 747 155 807 franensi
177 749 312 807 attonitos
340 757 369 806 et
391 747 528 806 festinare
552 753 683 819 coactos,

20 831 169 909 lamquam
193 831 229 891 de
251 829 361 891 Chattis
378 829 485 908 aliquid
507 830 656 906 torvisque
670 826 833 903 Sycambris

16 917 150 974 licturus
175 923 317 994 tamquam
339 923 368 974 et
390 913 512 974 diversis
533 911 663 990 partibus
682 911 761 970 orbis

16 999 105 1058 luxia
128 1000 282 1077 praecipiti
304 1001 433 1057 venisset
457 997 581 1075 epistola
604 997 699 1074 pinna.

53 1083 153 1160 Atque
176 1084 281 1142 utinam
303 1081 347 1141 his
372 1082 468 1159 potius
491 1082 574 1156 nugis
597 1089 657 1138 tota
679 1079 730 1139 illa
752 1077 880 1139 dedisset
950 1091 998 1143 lae

13 1163 158 1243 l'empora
181 1167 335 1242 saevitiae,
359 1165 452 1226 claras
477 1164 578 1244 quibus
601 1163 718 1224 abstulit
741 1161 805 1222 urbi

12 1247 205 1327 illustresque
226 1251 333 1310 animas
355 1251 470 1327 impune
494 1257 523 1307 et
542 1247 657 1307 vindice
680 1246 775 1307 nullo!

12 1333 70 1392 Sed
94 1334 198 1411 periit,
221 1342 374 1412 postquam
397 1331 571 1392 cerdonibus
596 1349 664 1390 esse
685 1330 848 1390 timendus.

12 1413 179 1495 Coeperat:
201 1417 258 1476 boc
280 1419 378 1476 nocuit
401 1415 558 1476 Lamiarum
582 1415 673 1474 caede
697 1414 830 1473 madenti.

407 1607 605 1618 ———-—

348 1767 578 1842 SATIRA
613 1765 653 1828 V.

12 1865 50 1959 si
74 1907 104 1957 te
125 1899 268 1977 propositi
291 1901 415 1958 nondum
436 1899 526 1975 pudet
548 1907 634 1973 atque
658 1894 760 1954 eadem
783 1903 939 1967 estmorae,

12 1985 49 2045 Ut
72 1981 150 2040 bona
172 1999 279 2040 summa
301 1991 386 2058 putes
409 1981 503 2039 aliena
523 1981 624 2037 vivere
647 1977 769 2055 quadra;

12 2071 42 2127 Si
69 2072 155 2142 potes
177 2063 227 2123 illa
250 2065 326 2141 pati,
351 2081 425 2142 quae
447 2081 502 2122 nec
523 2064 690 2122 Sarmentus
712 2062 824 2138 iniquas

13 2148 151 2209 Caesaris
173 2146 209 2206 ad
231 2165 362 2224 mensas,
385 2165 441 2206 nec
461 2145 526 2205 vilis
549 2145 648 2205 Gabba
671 2144 801 2204 tulisset:

14 2231 153 2306 Quamvis
175 2231 269 2290 iurato
292 2240 415 2290 metuam
438 2229 487 2288 tibi
511 2229 633 2307 credere
656 2231 733 2288 testi.
982 2240 998 2290 t

14 2316 124 2375 Ventre
146 2313 216 2374 nilril
240 2317 307 2373 novi
330 2314 484 2392 frugalium
511 2314 569 2373 hoc
591 2323 687 2374 tamen
709 2314 801 2391 ipsum

15 2399 170 2459 Deiecisse
192 2407 276 2475 puta,
301 2397 379 2475 quod
402 2399 477 2457 inani
500 2398 607 2458 suflicit
631 2397 712 2458 alvo:

16 2483 102 2542 Nulla
122 2481 240 2558 crepido
263 2491 366 2558 vacat,
397 2499 536 2561 nusquam
558 2499 633 2561 pons
656 2490 685 2540 ct
707 2482 813 2557 tegetis
838 2496 905 2556 pars

17 2564 138 2625 Dimidia
160 2561 297 2624 brevior'l
320 2567 428 2625 tantine
447 2567 549 2627 iniuria
571 2583 694 2632 coenae,

20 2649 88 2708 Tam
109 2648 202 2708 ieiuna
223 2649 314 2708 fames
340 2667 425 2728 quum
447 2653 542 2728 possit
563 2649 712 2708 honestius
736 2646 799 2705 illic
970 2657 1001 2707 10

21 2734 56 2792 lut
79 2741 203 2791 tremere
227 2741 256 2791 et
279 2733 382 2792 sordes
405 2733 490 2812 larris
512 2733 647 2791 mordere
671 2727 786 2788 caniui'l

62 2816 152 2874 l'rimo
175 2815 233 2892 lige
256 2815 341 2892 loco,
365 2816 443 2894 quod
464 2826 493 2875 tu
515 2812 698 2874 discumbere
719 2813 814 2870 iussus

22 2897 182 2958 Mercedem
204 2898 325 2959 solidam
347 2909 479 2959 veterum
502 2899 581 2975 capis
604 2897 776 2956 ciliciorum.

23 2980 139 3042 Fructus
160 2983 301 3042 amicitiae
325 3001 445 3061 magnae
468 2981 565 3049 cibus;
597 2983 715 3057 imputat
737 2978 813 3038 bunc
829 2996 883 3037 rex

25 3063 59 3133 m
79 3067 204 3145 quamvis
226 3071 322 3126 rarum
341 3075 436 3126 tamen
457 3067 584 3144 imputat.
629 3063 709 3141 Ergo
734 3062 807 3123 duos
829 3071 896 3141 post
970 3076 1002 3126 15

26 3151 53 3207 Si
73 3149 152 3208 libuit
174 3167 289 3210 meuses
309 3151 474 3227 neglectum
495 3149 632 3210 adbibere
656 3148 801 3224 clientem,

27 3231 117 3292 l'ertia
139 3251 176 3292 ne
197 3251 290 3293 vacuo
317 3243 448 3294 cessaret
470 3232 575 3295 culcita
596 3233 690 3294 lecto:

26 3313 83 3374 Una
104 3317 205 3391 simus,
228 3319 276 3376 ait.
320 3317 461 3378 Votorum
483 3318 605 3384 summa!
631 3317 698 3397 quid
720 3317 795 3376 ultra

29 3396 164 3468 Quaeris?
191 3398 279 3459 habet
301 3400 439 3477 Trebius,
463 3411 584 3480 propter
606 3401 683 3479 quod
703 3416 838 3477 rumpere
859 3415 987 3456 somnum

29 3477 133 3568 Ilsbeat
154 3491 183 3541 et
205 3482 309 3560 ligulas
333 3485 492 3561 dimittere,
515 3485 657 3545 sollicitus
682 3501 720 3542 ne
967 3491 1003 3543 ao
