2460 4004
218 312 258 374 68
560 325 596 371 n.
617 324 688 371 run.
711 321 898 370 ruvnuuurs

217 463 270 523 Dis
293 463 343 524 ille
368 463 499 523 adversis
524 465 639 541 genitus
661 463 781 540 latoque
804 462 932 537 sinistro,

218 546 311 619 Quem
332 555 416 625 pater
440 548 568 607 ardentis
589 564 702 606 massae
724 544 844 623 iuligine
866 545 960 623 lippus
1155 562 1210 615 130

218 630 245 689 A
267 629 395 689 carbone
416 639 446 690 et
468 630 628 708 forcipibus
649 629 821 706 gladiosque
844 639 964 706 paranto

217 713 324 773 lncude
349 724 379 774 ct
402 713 483 773 luteo
502 713 634 773 Vulcano
658 713 694 772 ad
718 711 837 772 rhetora
858 714 943 771 misit.

258 797 406 857 Bellorum
427 798 566 872 exuviae,
590 798 696 856 truncis
720 795 806 854 affixa
828 797 957 873 tropaeis

217 880 320 940 horica
343 890 373 940 et
395 880 488 940 fracta
509 881 545 940 de
568 878 683 939 casside
706 879 829 940 buccula
851 879 981 958 pendens

217 963 254 1023 Et
277 973 387 1023 curtum
407 973 523 1023 temone
545 965 640 1040 iugum
661 963 815 1042 victaeque
837 964 961 1022 triremis
1155 979 1206 1030 135

220 1047 356 1125 Aplustre
381 1056 411 1106 et
431 1063 541 1106 summo
562 1048 651 1106 tristis
674 1048 805 1124 captivus
828 1047 856 1105 in
878 1065 947 1106 arcu

216 1129 350 1190 Humanis
370 1132 479 1190 maiora
501 1130 585 1190 honis
608 1130 771 1190 creduntur.
808 1130 854 1189 Ad
876 1130 933 1189 hoc
959 1149 991 1188 se

203 1213 362 1273 vRomanus
387 1213 546 1294 Graiusque
571 1222 600 1273 et
623 1213 762 1274 barbarus
785 1213 973 1291 induperator

215 1297 329 1357 Erexit:
354 1314 458 1357 causas
482 1297 652 1358 discriminis
677 1307 763 1375 atque
785 1295 894 1356 laboris

215 1379 285 1440 lude
307 1380 414 1441 habuit.
452 1381 543 1442 Tanto
565 1383 656 1440 maior
681 1381 775 1440 lamae
799 1382 860 1439 sitis
885 1391 947 1455 eet,
971 1398 1055 1458 quarn
1155 1396 1207 1448 140

214 1463 343 1523 Virtutis.
379 1463 450 1538 Quis
472 1467 546 1524 enim
569 1467 701 1525 virtutem
724 1463 906 1542 amplectitur
928 1467 1030 1541 ipsam,

215 1547 344 1608 Praemia
366 1548 390 1606 si
410 1546 519 1609 tollas?
543 1551 662 1626 patriam
685 1557 781 1608 tamen
804 1547 899 1606 obruit
927 1547 995 1607 olim

216 1630 314 1690 Gloria
338 1649 494 1710 paucorum
516 1643 545 1691 et
570 1632 661 1692 laudis
683 1632 814 1708 titulique
839 1632 944 1709 cupido

216 1713 337 1774 llaesuri
358 1717 436 1774 saxis
461 1717 588 1774 cinerum
611 1714 795 1789 custodibus,
823 1714 859 1774 ad
882 1733 956 1793 quae
1076 1757 1080 1766 -

215 1796 402 1857 Discutienda
423 1798 521 1857 valent
545 1798 653 1857 sterilis
675 1797 748 1857 mala
775 1797 881 1857 robora
906 1800 962 1874 lici,
1156 1817 1205 1868 145

216 1880 454 1960 Quandoquidem
479 1881 545 1941 data
567 1891 631 1940 sunt
655 1882 727 1958 ipsis
749 1898 865 1959 quoque
888 1882 946 1942 lata
972 1883 1128 1960 sepulcris.

215 1961 358 2043 Expende
380 1965 583 2026 Hannibalem:
610 1975 680 2044 quot
701 1965 790 2024 libras
812 1967 840 2023 in
863 1965 937 2024 duce
961 1983 1069 2025 summo

214 2046 369 2109 Invenies?
397 2049 444 2109 hic
467 2059 527 2126 est,
550 2067 636 2128 quem
659 2066 716 2108 non
741 2051 818 2126 capit
839 2047 939 2108 Africa
961 2049 1062 2109 llauro

214 2132 357 2192 Percussa
380 2131 497 2192 Oceano
520 2131 646 2210 Niloque
670 2133 784 2192 admota
807 2135 927 2210 tepenti,
1225 2133 1226 2212 l

214 2215 323 2274 Rursus
349 2215 385 2276 ad
409 2215 585 2292 Aethiopum
607 2217 733 2294 populos
756 2217 889 2294 altosque
911 2217 1094 2295 elephantos.
1156 2237 1225 2316 15⁶l

213 2298 337 2358 Additur
364 2300 492 2376 imperiis
514 2297 667 2376 Hispania,
690 2299 869 2374 Pyrenaeum

213 2381 362 2450 'l'ransilit;
387 2384 525 2460 opposuit
546 2392 646 2442 natura
668 2382 831 2463 Alpemque
854 2385 1023 2462 niuemque:
1223 2367 1224 2417 ¹

213 2465 329 2524 Diducit
351 2467 491 2542 scopulos
515 2476 544 2525 et
565 2476 690 2526 montem
711 2471 816 2545 rumpit
841 2477 935 2527 aceto.
1222 2463 1223 2521 l

213 2548 271 2609 lam
296 2557 377 2608 tenet
398 2548 522 2614 ltaliam:
549 2559 644 2609 tamen
666 2550 740 2610 ultra
765 2569 891 2628 pergere
915 2551 1020 2610 tendit:
1221 2573 1222 2625 p

212 2632 334 2708 Actum,
357 2634 464 2710 inquit,
485 2631 554 2692 nihil
583 2644 644 2709 est,
667 2636 720 2692 nisi
743 2635 841 2694 Poeno
864 2634 953 2693 milite
976 2644 1077 2711 portas
1159 2655 1221 2727 155,

211 2714 380 2792 Frangimus
405 2725 434 2775 et
457 2717 550 2778 media
573 2718 711 2778 vexillum
735 2735 811 2795 pono
836 2717 957 2777 Subura.

213 2797 236 2857 0
260 2799 353 2877 qualis
377 2800 469 2859 facies
492 2811 520 2860 et
542 2802 620 2878 quali
646 2802 731 2878 digna
753 2801 872 2876 tabella,
1219 2779 1220 2831 ¹

213 2881 304 2954 Quum
328 2883 448 2944 Gaetula
473 2885 576 2944 ducem
599 2895 729 2962 portaret
750 2884 848 2945 bellua
875 2885 999 2945 luscum!
1218 2875 1219 2935 l

212 2964 313 3024 Exitus
337 2984 409 3045 ergo
433 2970 497 3046 quis
520 2965 585 3027 est?
611 2986 628 3026 o
650 2968 757 3044 gloria!
781 2969 904 3027 vincitur
925 2969 1001 3028 idem
1217 2977 1218 3037 l

211 3047 324 3126 Nempe
346 3059 375 3109 et
395 3053 423 3109 in
443 3051 560 3110 exilium
583 3069 728 3130 praeceps
750 3052 822 3128 fugit
844 3061 930 3130 atque
947 3052 988 3110 ihi
1010 3071 1139 3131 magnus
1157 3069 1217 3141 ¹⁶⁰l

211 3130 414 3212 hlirandusque
442 3134 534 3193 cliens
560 3135 644 3194 sedet
671 3136 706 3194 ad
726 3137 872 3212 praetoria
898 3137 989 3212 regis,
1215 3153 1216 3246 p

210 3214 314 3276 Donec
335 3216 458 3292 Bithyno
484 3217 574 3276 libeat
597 3217 719 3293 vigilare
745 3228 876 3293 tyranno.

210 3298 310 3360 Finem
331 3303 459 3374 animae,
486 3317 560 3376 quae
586 3319 634 3358 res
660 3301 795 3362 humanas
821 3303 936 3362 miscuit
958 3303 1037 3378 olim,
1214 3263 1215 3348 l

209 3383 274 3443 Non
301 3381 408 3459 gladii,
432 3399 489 3441 non
512 3401 581 3443 saxa
603 3383 723 3458 dabunt,
747 3404 803 3444 nec
825 3387 900 3460 tela,
930 3387 982 3446 sed
1004 3386 1057 3446 ille

211 3465 370 3527 Cannarum
396 3465 504 3526 vindex
530 3477 559 3526 et
583 3469 653 3527 tanti
680 3470 825 3546 sanguinis
848 3470 924 3529 ultor
1159 3485 1207 3540 155

209 3549 365 3618 Annulus„
384 3549 398 3610 1
423 3551 543 3611 demens
566 3559 596 3610 et
622 3569 726 3611 saevas
748 3570 831 3611 curre
857 3571 911 3631 per
936 3553 1040 3632 Alpes,
