2480 4006
224 266 275 314 x11
605 259 810 308 PRAEFATIO.

223 407 311 464 roralis
323 407 406 478 poesin
416 406 479 462 idern
490 403 622 469 concerdat,
634 404 698 476 quod
709 401 792 460 Odosr.
804 403 918 460 btttllerus
930 402 954 456 io
966 402 1027 458 llist.
1040 400 1103 458 litor.
1115 415 1191 474 graec.
1224 467 1228 476 r

221 493 250 549 t.
262 493 281 560 1,
296 508 317 562 p.
332 491 384 548 alt
400 491 425 545 in
436 487 571 544 Archilochi
587 487 691 543 dictione
703 487 843 542 Homericae
859 487 894 542 sie
906 487 1025 556 opposuit,
1037 493 1063 540 ut
1074 485 1134 540 hane
1145 485 1192 557 ple

222 590 294 648 caque
305 575 411 645 epitheta
423 574 452 629 ad
462 573 541 628 solum
554 579 663 628 ornatum
674 571 770 636 reterre,
782 571 849 626 illum
862 570 941 626 omnia
952 570 975 624 in
985 584 1036 624 rem
1047 576 1191 639 praesentem

221 659 325 731 dirigere
336 658 546 718 aninmdrertereta
556 655 604 710 lroc
613 656 695 726 utique
705 655 815 725 exemplo
824 655 895 710 etiam
906 653 1030 718 luvenalis,
1041 653 1190 710 licoteetero·

221 745 278 816 quin
288 743 421 816 Vergilium
431 741 508 796 multo
518 739 597 810 magis
612 754 683 811 quarn
701 752 868 810 quemcunque
884 738 956 792 aliurn
974 745 1070 808 poetam
1082 743 1190 802 sectetur,

221 834 301 882 tamen
317 826 363 881 hac
379 840 405 880 re
421 825 450 879 ab
469 825 533 878 illius
544 823 670 894 omnisque
685 823 767 892 epieae
782 823 862 894 poesis
872 820 1191 892 consuetudiuelongissinre

220 911 324 974 recedit,
343 908 407 980 quod
423 908 514 963 nullam
531 906 601 961 laeile
622 905 736 960 orationis
753 913 844 976 partem
862 905 967 960 otiosam
982 919 1079 959 manere
1096 905 1190 974 patitur,

219 993 262 1049 sed
272 1008 340 1047 suam
347 993 433 1062 cuique
439 989 554 1046 uocabulo
561 989 616 1057 rim,
622 1005 693 1044 suum
699 1004 799 1044 acumen
807 989 990 1060 itaimpertit,ut
1000 989 1127 1060 quaeapud
1134 987 1192 1044 alios

218 1077 348 1146 scriptores
356 1075 664 1131 coniunctademurnunam
675 1071 1076 1144 sententiamefficiant‚apudbrrnc
1085 1086 1190 1127 1111111·

218 1174 274 1214 uem
285 1159 397 1214 omnibus
407 1159 549 1213 sententiam
560 1163 597 1212 tot
607 1157 752 1228 imaginibus
768 1164 827 1229 quot
840 1157 912 1212 verba
922 1155 1008 1212 babeat
1024 1156 1190 1225 multiplicent.

218 1241 266 1298 Sed
278 1243 338 1297 haee
348 1242 488 1314 singulatim
498 1241 614 1312 expiscari
625 1241 761 1311 interpretis
778 1241 885 1296 cilicium
895 1247 946 1307 est,
963 1255 1009 1296 nec
1019 1239 1105 1295 desunt
1116 1241 1190 1311 quiin

218 1327 396 1381 commentariis
412 1327 462 1380 suis
473 1325 544 1381 docte
554 1331 579 1378 et
595 1331 665 1379 acute
676 1325 865 1387 enucleaveriuta
881 1323 952 1379 nobis
962 1323 1034 1378 etiam
1044 1323 1123 1395 magis
1133 1323 1190 1384 illud

217 1411 351 1465 carendum
361 1425 414 1464 esse
423 1410 529 1474 uidetur,
543 1423 573 1462 11
583 1409 681 1462 nimiam
691 1423 734 1479 per
743 1408 899 1464 subtilitatem
919 1408 973 1478 plus
983 1413 1068 1478 poetae
1080 1407 1189 1463 obtruda-

218 1501 264 1559 tur,
281 1509 353 1565 quam
365 1508 420 1548 cunr
430 1494 510 1549 dicere
519 1492 624 1548 uoluisse
633 1507 663 1546 err
675 1493 785 1548 uniuerso
796 1493 844 1548 loci
860 1498 1003 1564 argumento
1017 1505 1120 1562 cumque
1136 1491 1189 1547 reli·

218 1579 270 1649 quis
279 1592 342 1632 nexu
353 1577 468 1648 prodeam
479 1577 545 1632 bunc
555 1577 630 1648 igitur
640 1583 668 1631 ut
678 1577 789 1642 lectores,
796 1577 934 1647 priusquam
939 1574 1035 1647 singula
1046 1575 1189 1646 aggredian-

218 1745 294 1815 primo
305 1745 474 1800 accedentibus
481 1745 543 1799 scitu
555 1759 615 1814 opus
627 1759 679 1798 esse
689 1744 806 1813 ridentur,
815 1743 897 1814 paucis
908 1743 948 1797 hic
958 1742 1189 1812 comprehendimus.

218 1827 247 1882 tlt
255 1829 329 1900 primi
339 1827 435 1899 quidem
446 1828 499 1882 libri
510 1828 582 1882 satira
587 1828 681 1899 prinam
693 1843 763 1900 11111
774 1834 861 1898 posta.
876 1830 927 1884 100
937 1827 1051 1896 script-an
1060 1841 1112 1882 esse
1123 1827 1189 1883 Marii

218 1911 290 1967 Prisci
302 1912 391 1966 mentio
402 1911 487 1977 docet,
499 1912 577 1982 ipsum
587 1912 713 1966 satirarum
723 1911 901 1967 scribendarum
912 1909 1052 1975 1111111111,
1063 1917 1189 1982 postquam

216 1995 301 2051 eodem
313 2010 368 2051 cum
379 1995 476 2067 reliquis
486 1996 566 2066 poesis
575 1996 705 2066 generibus
721 1997 773 2050 iure
783 1996 818 2049 uti
834 1994 912 2065 lepide
924 1994 994 2049 evicit
1007 1994 1044 2060 (r.
1060 1998 1188 2065 1—18),

216 2079 308 2134 duabus
318 2079 422 2132 manime
433 2079 510 2134 causis
521 2079 639 2134 defendit:
651 2080 754 2150 primum
765 2079 819 2150 quia
829 2078 854 2132 in
865 2084 931 2133 tanta
940 2077 1052 2132 vitiorum
1063 2077 1190 2135 atrocitate

215 2163 347 2234 indignatio
359 2175 431 2232 aegre
442 2163 591 2218 contineatur
605 2163 642 2230 (v.
650 2165 787 2232 att-80),
804 2161 890 2216 deinde
900 2161 955 2231 quia
965 2160 1057 2214 nullum
1069 2162 1189 2220 scribendi

215 2259 293 2316 genus
308 2260 372 2300 1111
382 2246 521 2316 ampliorem
531 2248 655 2302 materiam
665 2245 768 2300 inveniat
780 2245 816 2310 (v.
828 2247 861 2300 81
872 2246 995 2313 -150);
1014 2252 1136 2314 postremo
1148 2262 1190 2300 ve·

214 2329 249 2383 lut
266 2328 431 2399 interpellante
445 2331 569 2400 prudentia
584 2331 682 2384 callidae
698 2329 815 2390 cautionis
830 2333 1045 2396 temperamentum
1060 2328 1189 2398 pollicetur

214 2412 249 2478 (r.
264 2417 311 2470 151
324 2414 440 2481 -171).
463 2413 583 2470 'morto
592 2414 663 2467 satira
675 2427 723 2466 non
735 2411 871 2482 hypocritas
881 2415 982 2475 1111111,
993 2417 1020 2465 11
1030 2411 1054 2466 iu
1066 2412 1190 2468 veteribus

212 2495 355 2551 editionibus
371 2503 419 2561 est,
435 2499 473 2552 rel
492 2497 647 2568 philosophos
668 2495 799 2562 obscenos,
817 2493 860 2548 sed
880 2494 909 2548 ab
923 2493 961 2548 his
977 2495 1050 2550 modo
1069 2495 1189 2566 principio

212 2578 285 2634 ducto
298 2583 332 2647 (v.
346 2585 405 2635 1-
416 2583 462 2651 35)
475 2596 570 2637 omnem
581 2579 680 2633 maseuli
691 2579 787 2650 generis
797 2577 968 2648 turpitudinem
979 2585 1004 2633 et
1015 2579 1142 2634 mollitiem
1155 2581 1190 2635 ita

211 2663 347 2728 insectatur,
359 2671 386 2719 ut
397 2663 629 2734 primumbaroniarn
640 2661 765 2716 moecham
776 2662 800 2716 iu
810 2677 903 2717 marum
910 2662 1046 2732 voluptates
1056 2663 1122 2718 omni
1133 2679 1189 2718 mu·
1238 2697 1239 2758 l

211 2746 279 2802 liebri
295 2748 393 2804 libidine
409 2748 527 2803 foediores
538 2762 586 2801 111
597 2744 691 2800 inficete
702 2745 876 2801 declamantem
885 2746 982 2801 inducat
994 2749 1027 2814 (v.
1040 2745 1188 2814 ete-63),

210 2837 325 2887 tumuere
337 2847 367 2886 no
377 2831 491 2886 honestos
498 2830 593 2901 quidem
603 2827 712 2883 homines
717 2830 839 2886 communi
849 2830 903 2884 labe
913 2830 1031 2884 abstinere
1036 2830 1189 2901 vestiumque

210 2915 328 2971 indecoris
345 2915 435 2970 deliciis
445 2915 510 2968 volut
525 2913 587 2967 11111
598 2913 628 2967 ad
641 2913 730 2969 maiora
747 2915 840 2986 flagitia
852 2914 943 2982 aperire
953 2919 1038 2984 arguat
1050 2912 1086 2978 (v.
1100 2917 1136 2971 70
1148 2941 1186 2954 ·-

209 3001 269 3066 82),
285 3014 386 3070 quorum
404 2999 516 3066 deinceps
531 2996 627 3068 singula
638 2998 746 3067 exempla
761 2997 799 3053 uel
810 3012 840 3051 err
849 2995 951 3051 celanda
962 2995 1113 3050 muliebrium
1125 2997 1191 3052 ceri·

210 3083 343 3138 neniarum
361 3081 493 3135 imitatione
504 3079 540 3146 (v.
551 3083 586 3139 83
595 3083 705 3146 -1lb)
717 3081 754 3135 rel
771 3095 801 3135 err
818 3079 916 3134 ludicris
931 3080 1049 3133 maiorum
1066 3077 1190 3148 grauitate

209 3166 315 3237 indignis
328 3165 363 3229 (v.
377 3167 474 3220 143—
485 3165 546 3230 158)
557 3165 630 3234 petita
647 3171 751 3229 enarrat,
771 3163 1002 3232 fortissimorumque
1019 3162 1124 3216 uirorum
1143 3178 1189 3233 po-

209 3255 287 3303 steros
298 3247 327 3301 ab
339 3246 408 3316 ipsis,
421 3246 507 3318 quibus
517 3247 642 3318 imperent,
658 3248 764 3303 barbaris
774 3261 869 3302 morum
880 3246 998 3316 probitate
1007 3245 1115 3316 superari
1126 3261 1189 3317 que-

208 3332 269 3386 ritur
279 3332 313 3396 (v.
330 3331 508 3398 159-110).
531 3331 622 3387 Tertiae
632 3332 718 3386 satirae
733 3331 835 3402 plurima
845 3345 900 3400 pars
909 3330 934 3385 in
947 3328 1062 3385 Umbricii
1072 3331 1190 3401 querellis
1238 3365 1239 3396 r

208 3418 322 3472 uersatur.
337 3413 405 3468 cuius
415 3414 460 3469 sub
471 3429 580 3484 persona,
592 3416 650 3470 dum
661 3415 738 3471 Roma
750 3416 832 3472 relicta
838 3413 926 3470 Cumas
935 3415 1105 3486 transmigrare
1118 3420 1190 3484 parat

208 3493 245 3560 (r.
258 3498 383 3564 1—28)‚
395 3504 466 3568 poeta
477 3499 581 3554 urbanae
590 3500 652 3554 uitae
664 3499 815 3556 incommoda
825 3499 994 3573 quadripertita
1010 3499 1119 3554 oratione
1130 3511 1189 3568 per·

208 3577 327 3650 sepulture
346 3581 449 3651 primurn
464 3583 519 3654 quia
531 3583 637 3640 bonmtis
653 3585 743 3640 artibus
752 3584 832 3640 nullus
846 3585 893 3641 iam
904 3583 973 3639 loeus
989 3583 1087 3639 relictus
1100 3580 1135 3637 sit
1147 3579 1189 3647 (r.
1237 3595 1238 3600 ¹
