2460 4004
381 279 506 326 SATIRA
528 281 602 327 VIII.

30 421 174 480 Nocturna
197 427 226 476 et
248 417 374 477 dammas
396 417 528 477 domibus
549 419 724 497 templisque
746 423 864 498 paratis,

31 503 64 564 Ut
86 503 288 563 braccatorum
311 503 394 579 pueri
416 502 620 580 Senonumque
640 503 778 577 minores,

30 588 97 646 Ausi
118 585 194 665 quod
219 584 306 644 liceat
328 585 423 644 tunica
446 586 546 662 punire
570 585 703 644 molesta.
959 603 1009 656 235

29 670 85 730 Sed
106 668 207 747 vigilat
231 667 331 727 consul
354 667 522 746 vexillaque
543 678 641 728 vestra
664 679 798 729 coercet:

28 754 77 814 llic
100 771 193 812 novus
214 751 355 830 Arpinas,
382 750 520 828 ignobilis
538 761 568 811 et
587 753 674 812 modo
696 750 807 814 Romae

27 835 207 915 blunicipalis
230 853 339 912 eques,
366 835 511 911 galeatum
532 837 613 914 ponit
631 835 739 915 ubique

27 921 202 980 Praesidium
225 920 351 978 abnuitis
374 920 452 977 etin
476 920 551 977 omni
573 929 668 979 monte
691 919 814 980 laborat.

27 1004 146 1063 Tamum
165 1003 251 1079 igitur
271 1020 367 1061 muros
388 1003 461 1061 intra
480 1013 549 1080 toga
570 1003 689 1064 contulit
709 1003 751 1062 illi
958 1017 1010 1068 240

27 1087 154 1147 Nominis
181 1104 216 1145 ac
241 1085 330 1160 tituli,
358 1094 491 1164 quantum
512 1087 561 1146 vix
580 1086 732 1161 Leucade,
756 1097 890 1164 quantum

26 1170 197 1230 Thessaliae
221 1170 330 1246 campis
353 1167 489 1229 Octavius
512 1169 629 1230 abstulit
651 1170 708 1229 udo

25 1252 170 1315 Gaedibus
192 1252 315 1312 assiduis
336 1251 451 1328 gladio;
475 1252 528 1312 sed
549 1252 640 1314 Roma
663 1262 823 1331 parentem,

25 1339 115 1398 Roma
140 1345 252 1416 patrem
274 1337 385 1414 patriae
409 1334 582 1396 Ciceronem
605 1337 697 1396 libera
720 1338 800 1396 dixit.

25 1423 151 1501 Arpinas
173 1420 247 1479 alius
268 1418 443 1478 Volscorum
465 1422 494 1478 in
514 1430 610 1479 monte
634 1419 750 1480 solebat
958 1432 1009 1484 245

25 1505 154 1566 Poscere
178 1502 347 1578 mercedes,
371 1502 467 1563 alieno
490 1503 584 1563 lassus
608 1512 717 1568 aratro:

24 1588 174 1649 Nodosam
198 1595 267 1664 post
289 1585 364 1645 baec
384 1585 536 1664 frangebat
558 1588 669 1645 vertice
692 1587 790 1663 vitem,

25 1675 52 1732 Si
73 1673 171 1732 lentus
195 1671 280 1748 pigra
302 1670 424 1730 muniret
446 1679 540 1730 castra
562 1669 697 1730 dolabra:

24 1755 74 1814 llic
98 1765 197 1815 tamen
219 1762 248 1812 et
272 1750 404 1812 Cimbros
426 1762 455 1814 et
477 1771 583 1813 summa
606 1753 737 1831 pericula
761 1771 861 1814 rerum

24 1838 160 1917 Excipit,
184 1847 213 1896 et
236 1837 316 1896 solus
339 1837 530 1915 trepidantem
552 1838 679 1914 protegit
702 1837 818 1905 urbem;
959 1850 1007 1901 auo

24 1923 121 2001 Atque
144 1920 229 1995 ideo,
251 1928 405 1997 postquam
427 1920 462 1990 ad
485 1918 618 1978 Gimbros
640 1928 824 1996 stragemque
846 1921 993 1995 volabant,

25 2003 78 2078 Qui
103 2019 259 2081 numquam
281 2004 435 2078 attigerant
456 2003 564 2061 maiora
584 2003 745 2076 cadavera,
768 2005 858 2076 corvi,

24 2087 142 2150 Nobilis
165 2093 283 2143 ornatur
305 2084 386 2144 lauro
408 2085 524 2162 collega
546 2084 683 2144 secunda.

25 2170 164 2232 Plebeiae
188 2167 346 2228 Deciorum
368 2169 494 2244 animae,
516 2167 631 2246 plebeia
653 2167 768 2227 luerunt

26 2254 162 2314 Nomina:
184 2268 239 2330 pro
262 2252 330 2310 totis
354 2251 518 2328 legionibus
540 2251 680 2312 bitumen
703 2260 732 2310 et
752 2269 805 2330 pro
959 2262 1010 2314 255

26 2337 163 2397 Omnibus
186 2334 300 2394 auxiliis
318 2343 405 2412 atque
427 2337 502 2394 omni
523 2335 601 2415 pube
622 2335 720 2395 Latina

25 2421 176 2480 Suilioiunt
199 2417 243 2477 dis
265 2417 385 2476 iniernis
406 2427 563 2499 terraeque
587 2421 715 2498 parenti;

25 2503 117 2563 Pluris
141 2503 215 2561 enim
238 2500 338 2576 Decii,
362 2520 445 2580 quam
468 2521 543 2582 quae
564 2513 714 2564 servantur
737 2503 772 2562 ab
796 2505 862 2565 illis.

26 2586 141 2647 Ancilla
165 2594 247 2644 natus
269 2585 397 2646 trabeam
418 2595 447 2646 et
468 2587 598 2648 diadema
622 2585 731 2658 Quirini

25 2670 59 2729 Et
80 2671 179 2730 iasces
202 2669 304 2728 meruit
325 2688 425 2746 regum
446 2669 560 2729 ultimus
581 2670 631 2728 ille
650 2669 805 2728 bonorum:
959 2677 1010 2731 260

25 2753 141 2813 Prodita
163 2752 300 2813 laxabant
322 2762 468 2830 portarum
489 2753 615 2812 claustra
632 2755 760 2826 tyrannis

26 2835 167 2896 Exulibus
188 2837 308 2895 iuvenes
331 2837 422 2913 ipsius
447 2835 574 2895 consulis
598 2844 627 2893 et
649 2851 723 2911 quos

25 2917 160 2998 Magnum
183 2918 289 2997 aliquid
314 2918 398 2978 dubia
419 2935 472 2996 pro
495 2917 629 2976 libertate
652 2918 782 2993 deceret,

26 3001 111 3074 Quod
137 3004 289 3062 miraretur
311 3021 374 3061 cum
400 2999 514 3061 Coclite
534 2999 646 3060 Mucius
671 3010 699 3059 et
721 3018 795 3078 quae

25 3085 143 3166 lmperii
159 3086 231 3146 lines
248 3085 414 3144 Tiberinum
432 3086 516 3162 virgo
538 3085 653 3144 natavit.
959 3093 1009 3146 too

27 3167 149 3230 Occulta
172 3170 208 3232 ad
231 3178 331 3248 patres
353 3169 489 3247 produxit
513 3169 629 3228 crimina
651 3186 763 3242 servus,

27 3250 165 3313 ldatronis
186 3253 345 3330 lugendus:
370 3263 398 3312 at
419 3253 486 3312 illos
507 3251 630 3312 verbera
652 3251 732 3310 iustis

32 3335 164 3396 Alliciuut
188 3339 293 3416 poenis
317 3346 345 3396 et
367 3337 464 3414 legum
484 3337 575 3414 prima
598 3337 719 3394 securis.

68 3419 145 3480 lllalo
170 3430 254 3499 pater
275 3419 326 3480 tibi
348 3422 384 3480 sit
406 3419 570 3496 Thersites,
593 3419 745 3480 dummodo
767 3427 796 3479 tu
818 3420 858 3478 sis

34 3501 176 3564 Aeacidae
198 3503 298 3563 similis
320 3502 519 3582 Vulcaniaque
542 3521 619 3562 arma
643 3522 792 3582 capessas,
958 3512 1010 3565 270
