2460 4004
212 229 252 289 78
545 239 580 284 o.
604 238 675 284 rurs.
698 237 885 284 rursusurs
1010 243 1016 248 -

212 381 328 442 Sumine
355 396 417 439 oum
439 394 543 454 magno
567 377 651 454 lepus
672 385 763 454 atque
787 395 858 455 aper
883 387 912 437 et
935 397 1088 458 pygargus

213 465 248 525 Et
276 463 430 538 Scythicae
455 461 594 521 volueres
618 469 650 519 et
675 460 923 539 plroesioopterus
951 464 1054 540 iugens

212 549 249 608 Et
272 546 408 608 Gaetulus
434 563 507 621 oryx
532 543 631 603 lrelueti
650 544 806 604 lautissima
830 545 912 604 terro
1153 560 1204 612 llo

213 631 349 692 Caeditur
375 639 404 689 et
429 638 489 689 tota
512 637 598 688 sonat
617 628 712 687 ulmea
737 645 830 688 ooeaa
853 628 976 688 Subura.

212 715 274 775 Neo
296 715 416 774 irustunr
431 730 568 790 'ospreee
593 711 757 771 subduoere
781 729 838 771 seo
864 712 938 772 latus
966 713 1057 772 Afrae

212 797 299 858 Novit
324 799 385 857 avis
408 805 523 872 noster,
550 795 710 854 tirunculus
738 811 773 854 ao
795 795 877 856 rudis
897 799 978 856 ortui

213 883 358 960 Tempore.
385 889 414 940 et
441 881 565 957 exiguae
590 879 672 938 furtis
700 878 825 938 imbutus
854 879 974 940 oiellse

212 965 349 1026 Plebeios
376 964 484 1033 calices
509 963 663 1040 etpsueis
684 962 801 1022 assibus
819 971 937 1041 emptos
1150 978 1200 1031 145

212 1050 345 1126 Porrigat
373 1047 496 1106 incultus
522 1064 595 1124 puer
612 1055 703 1125 atque
726 1064 742 1106 a
764 1047 876 1123 frigore
897 1055 993 1114 'tutus3

212 1133 276 1193 Non
297 1131 393 1206 Phryx
421 1139 469 1190 aut
490 1129 606 1205 lupulus,
629 1125 697 1204 [noa
721 1148 741 1189 a
767 1147 911 1207 rompono
936 1131 1044 1208 petitus

213 1217 369 1294 Quisquam
393 1215 462 1274 erit:
485 1216 512 1272 iu
532 1213 744 1291 meguolquum
764 1230 891 1292 posses,
914 1231 1008 1292 posue
1032 1213 1132 1276 lstine.

211 1300 291 1360 Idem
317 1298 429 1358 habitus
458 1299 587 1374 eunetis,
613 1300 689 1356 tonsi
715 1299 847 1374 roetique
871 1298 968 1376 oapilli

212 1383 308 1461 Atque
332 1382 419 1442 hodie
444 1389 550 1441 tautum
573 1390 695 1459 propter
710 1383 846 1440 oouuiuia
869 1383 947 1458 perri.
1150 1396 1198 1446 rso

211 1467 341 1527 Pastoris
364 1465 426 1525 duri
447 1465 494 1524 hio
512 1474 561 1524 est
584 1465 675 1540 filius,
700 1465 752 1524 ille
774 1463 903 1524 bubulci.

213 1552 344 1628 Suspirat
370 1549 459 1626 longo
486 1565 542 1608 uon
563 1549 654 1608 uisum
677 1558 810 1626 tempere
835 1557 967 1624 muers,

212 1634 249 1694 Et
274 1634 401 1694 casulam
423 1641 451 1692 et
475 1641 561 1692 notos
584 1633 674 1691 tristis
699 1633 847 1692 desiderat
867 1631 990 1708 haedos,

211 1718 331 1795 Ingenui
355 1716 451 1776 uultus
475 1733 549 1794 puer
570 1717 745 1794 ingenuique
767 1716 898 1794 pudoris,

213 1801 321 1874 Quales
348 1819 414 1860 esse
437 1799 540 1874 (leuet,
565 1816 638 1877 quos
661 1799 765 1859 arulerrs
786 1817 914 1877 purpura
937 1800 1040 1868 rest's3
1150 1811 1194 1864 155

212 1883 275 1944 Neo
297 1884 458 1964 pupillares
478 1882 577 1943 defert
600 1885 630 1942 iu
656 1883 761 1944 balnea
782 1901 890 1942 rauous

212 1968 392 2045 Testieulos‚
414 1986 470 2027 neo
492 1967 644 2026 vellendas
668 1968 722 2027 iarn
746 1966 879 2046 praebuit
901 1966 973 2042 alus,

213 2050 317 2112 Grassa
342 2070 398 2112 neo
424 2053 561 2130 opposito
589 2051 711 2128 paullus
733 2052 805 2128 tegit
828 2051 945 2128 inguina
963 2059 1062 2127 putto.

210 2135 265 2195 llio
291 2136 343 2195 tibi
366 2137 432 2194 uina
454 2133 533 2194 dabri
559 2133 661 2194 diffusa
687 2137 715 2194 iu
734 2133 881 2194 montibus
903 2133 973 2210 iltis,

211 2219 237 2278 A
262 2219 364 2296 quibus
387 2221 452 2296 ipse
476 2218 570 2292 veuit,
595 2236 715 2296 quorum
739 2219 792 2278 solt
814 2219 925 2278 tertiae
953 2218 1036 2288 lusit;
1147 2230 1195 2285 160

211 2301 342 2381 Namque
364 2319 419 2360 uua
439 2309 527 2380 atque
546 2301 649 2361 eodem
669 2311 717 2362 est
739 2303 797 2361 uiui
815 2303 907 2382 patria
930 2311 1017 2380 atque
1038 2305 1174 2364 ministri.

211 2385 344 2447 Forsitan
367 2393 541 2462 exspersus,
567 2394 599 2444 ut
624 2383 762 2446 Guditsua
784 2404 891 2446 osu-nouo

210 2468 352 2548 luoipiaut
375 2469 488 2548 prurire
518 2468 608 2529 dioro
631 2469 793 2550 plausuque
818 2470 960 2548 probatus

211 2553 258 2614 Ad
283 2563 389 2614 terram
408 2552 532 2612 tremulo
559 2553 737 2614 desoeodout
759 2554 845 2615 oluoe
868 2553 1008 2633 puellae?

212 2639 354 2717 Spectant
378 2636 435 2696 hos
456 2645 563 2715 nuptae
585 2639 662 2698 iurrta
686 2637 845 2698 reuuhsute
868 2639 981 2714 morito,
1147 2647 1192 2700 roo

212 2720 297 2796 Quod
323 2720 430 2800 pudeat
449 2738 570 2781 narrare
595 2722 720 2800 aliquem
741 2721 943 2800 praesentibus
970 2723 1053 2801 ipsis,

211 2805 419 2866 Irritamentum
445 2803 570 2864 Veneris
590 2805 753 2882 languentis
777 2815 913 2866 statues

211 2889 315 2949 Divitis
340 2889 450 2960 urticae
472 2888 580 2967 (maior
598 2898 695 2948 tamer
719 2890 773 2949 ista
795 2889 931 2968 uoluptas

212 2972 340 3032 Alterius
361 2990 464 3040 sexus;
488 2973 583 3048 magis
604 2973 655 3032 ille
682 2973 845 3034 extenditur
865 2981 898 3032 et
922 2989 992 3031 ruox

212 3056 337 3116 Auribus
359 3065 445 3135 atque
471 3055 564 3114 ooulis
587 3065 728 3136 oonosptu
753 3057 833 3117 urina
848 3057 1014 3134 moueturt;
1149 3062 1192 3115 170

212 3139 277 3199 Nou
300 3143 377 3220 capit
400 3141 453 3200 has
477 3156 568 3216 nugas
591 3139 704 3200 lruorilis
726 3140 839 3201 (lomus.
876 3139 984 3200 Autliat
1004 3138 1056 3198 ille

212 3223 363 3285 'festarum
389 3223 517 3298 crepitus
540 3241 603 3283 oum
628 3223 743 3300 uerbis,
767 3225 871 3285 nudum
893 3223 972 3283 olitis
995 3231 1073 3282 stuus

211 3306 337 3368 Foruioe
359 3305 530 3382 maueipium
553 3306 656 3386 quibus
678 3307 820 3384 absuper,
842 3307 893 3368 ille
915 3305 1026 3366 irruatur

211 3390 341 3450 Vocibus
364 3388 502 3449 oirsoeuis
528 3392 662 3470 omnique
683 3391 807 3452 libidinis
829 3400 902 3467 arte,

212 3474 268 3547 Qui
288 3471 545 3534 Lacedaemonium
570 3477 722 3554 pytismate
744 3475 868 3535 lubricat
895 3472 1009 3539 orirerur:
1145 3477 1190 3532 175
