2460 4004
196 268 255 329 102
523 278 559 324 o.
582 277 654 324 run.
677 277 864 326 ruvnunnrs

193 418 328 497 Cogebat
349 418 434 477 vacui
456 417 565 475 ventris
591 417 688 492 furor,
710 415 842 476 hostibus
865 419 935 495 ipsis
1130 435 1178 485 100

193 503 339 564 Pallorcm
364 519 399 561 ac
420 501 542 560 maciem
564 509 593 558 ct
615 509 718 559 tenues
743 501 947 560 miserantibus
969 511 1060 579 artus,

193 585 323 646 Membra
345 584 439 646 aliena
461 584 538 644 lame
561 583 747 658 lacerabant,
777 603 844 647 esse
866 587 959 663 parati

194 670 232 730 Et
257 687 318 729 sua.
352 667 489 742 Quisnam
513 667 657 726 hominum
677 669 791 727 veniam
813 669 883 728 dare
910 671 1012 746 quisve
1035 670 1156 731 deorum

194 752 349 813 Ventribus
373 751 514 811 abnueret
530 749 592 810 dira
615 759 702 830 atque
723 753 854 811 immania
875 754 970 830 passis

195 838 232 897 llt
254 835 358 915 quibus
380 835 495 895 illorum
515 843 649 912 poterant
670 837 826 911 ignoscere
848 854 958 911 manes,
1133 849 1175 900 105

195 920 323 994 Quorum
345 918 518 997 corporibus
539 915 754 977 vescebantur?
776 917 881 978 llelius
903 937 957 978 nos

195 1003 321 1063 Zenonis
342 1011 503 1081 praecepta
524 1011 654 1070 monent;
682 1019 738 1060 nec
759 1004 833 1060 enim
856 1005 966 1079 omnia,
994 1005 1136 1084 quaedam

194 1087 250 1146 Pro
264 1087 333 1146 ¹vita
354 1085 488 1146 iacienda
510 1094 625 1163 putant:
654 1085 707 1144 sed
728 1083 873 1145 Cantaber
895 1087 971 1146 unde

195 1170 327 1246 Stoicus,
348 1169 456 1246 antiqui
479 1171 651 1246 praesertim
668 1177 764 1228 aetate
786 1167 920 1230 Metelli?

194 1253 277 1313 Nunc
299 1262 376 1312 totus
400 1251 500 1312 Graias
521 1261 695 1330 nostrasque
719 1251 807 1312 habet
828 1254 908 1313 orbis
931 1253 1073 1330 Athenas,
1130 1267 1174 1316 110

196 1336 289 1397 Gallia
314 1335 477 1396 causidicos
500 1334 598 1396 docuit
623 1335 745 1396 facunda
768 1335 929 1412 Britannos,

194 1420 240 1480 De
264 1419 454 1480 conducendo
479 1420 605 1497 loquitur
626 1422 681 1479 iam
701 1419 820 1479 rhetore
844 1421 948 1495 Thyle.

194 1503 308 1564 Nobilis
335 1503 386 1564 ille
408 1513 504 1563 tumen
525 1501 668 1582 populus‘,
697 1522 782 1580 quem
809 1503 946 1578 diximus,
974 1514 1003 1562 et
1028 1505 1081 1582 p‘ar

195 1588 308 1647 Virtute
334 1596 421 1666 atque
448 1587 522 1662 lide,
545 1587 599 1647 sed
620 1589 713 1645 maior
734 1587 833 1662 clade,
857 1589 1012 1664 Saguntus,

195 1671 267 1731 'lale
289 1670 357 1748 quid
380 1679 515 1730 excusat:
545 1669 691 1730 blaeotidc
713 1672 829 1730 saevior
852 1689 902 1731 ara
1130 1683 1173 1734 tlt
1210 1670 1214 1748 ξ

195 1755 359 1832 Aegyptus.
399 1753 515 1832 Quippe
536 1753 586 1813 illa
608 1753 723 1812 nefandi
748 1753 869 1815 'laurica
896 1757 971 1814 sacri
1208 1751 1214 1830 l

196 1839 341 1898 inventrix
362 1836 493 1896 homines
518 1839 565 1916 (ut
586 1839 657 1914 iam,
684 1855 759 1915 quae
782 1841 907 1898 carmina
928 1838 1053 1914 tradunt,
1210 1835 1211 1838 ’

198 1922 289 1999 Digna
312 1922 368 1983 lide
392 1921 512 2002 credas)
535 1931 642 1981 tantum
667 1921 810 1998 immolat,
832 1923 953 1982 ulterius
975 1923 1014 1980 nil
1068 1919 1070 1924 ’
1204 1905 1214 1992 l

196 2015 254 2064 hut
277 2007 394 2083 gravius
417 2006 509 2065 cultro
532 2007 612 2064 timet
634 2005 743 2064 hostia:
771 2007 834 2083 quis
856 2006 942 2066 modo
968 2024 1053 2066 casus
1203 1991 1214 2046 l

195 2089 310 2168 lmpulit
331 2087 407 2149 hos?
437 2107 511 2168 quae
532 2097 609 2148 tanta
633 2089 724 2148 fames
745 2091 908 2168 infestaque
932 2089 1010 2149 vallo
1132 2100 1174 2151 120
1208 2072 1214 2128 l

196 2175 283 2233 Arma
309 2182 470 2250 coegerunt
492 2182 550 2232 tam
576 2172 749 2233 detestabile
773 2183 930 2233 monstrum
1204 2173 1214 2256 3³

196 2252 339 2324 Audere?
365 2274 438 2314 anne
460 2256 561 2330 aliam,
588 2265 665 2316 terra
687 2255 874 2335 Memphitide
898 2260 987 2333 sicca,
1207 2263 1208 2266 ’

196 2339 333 2400 lnvidiam
354 2340 485 2399 facerent
509 2339 618 2400 nolenti
642 2359 764 2418 surgere
786 2339 877 2400 Nilo?

197 2423 261 2497 Qua
284 2441 340 2482 nec
362 2423 508 2482 terribiles
532 2421 639 2483 (limbri
661 2443 716 2483 nec
737 2425 870 2484 Bistones
894 2444 1027 2504 umquam
1207 2486 1214 2496 ,γ

197 2509 443 2584 Sauromataeque
465 2515 563 2566 truces
588 2517 635 2566 aut
661 2510 797 2568 immanes
818 2509 986 2586 Agathyrsi,
1133 2521 1174 2572 ltt
1207 2506 1214 2582 l

196 2590 257 2649 llac
279 2591 373 2650 saevit
394 2589 475 2650 rabie
498 2589 615 2650 imbelle
640 2601 670 2651 et
693 2592 792 2652 inutile
814 2593 930 2670 vulgus,
1208 2599 1214 2619 '¹

196 2673 319 2734 Parvula
340 2673 475 2734 lictilibus
498 2674 614 2746 solitum
635 2675 705 2735 dare
726 2675 794 2736 vela
816 2676 945 2754 phaselis
1028 2742 1030 2746 .

196 2756 234 2817 Et
259 2757 396 2818 brevibus
419 2760 515 2836 pictae
537 2762 623 2818 remis
651 2757 817 2818 incumbere
840 2769 943 2820 testae.

196 2839 259 2900 Nec
282 2860 406 2920 poenam
429 2843 535 2903 sceleri
556 2845 704 2919 invenies,
726 2861 781 2902 uec
803 2844 889 2920 digna
911 2845 1027 2924 parabis

197 2925 346 3004 Supplicia
367 2925 411 2985 his
437 2927 571 3006 populis,
596 2929 768 3005 inquorum
788 2937 884 2987 mente
907 2947 993 3006 pares
1017 2938 1084 2988 sunt
1135 2937 1174 2988 tao

197 3007 233 3068 Et
256 3009 365 3070 similes
388 3011 430 3070 ira
451 3020 538 3089 atque
558 3012 659 3069 fames.
691 3008 861 3071 Mollissima
883 3011 971 3071 corda

196 3091 325 3152 Humano
349 3096 452 3170 generi
473 3094 543 3154 dare
569 3113 603 3152 se
625 3103 725 3154 natura
745 3096 862 3171 fatetur,

198 3175 280 3248 Quae
304 3177 437 3236 lacrimas
460 3177 552 3245 dedit;
576 3177 650 3238 haec
670 3181 761 3238 nostri
781 3197 849 3258 pars
873 3181 980 3256 optima
1002 3197 1117 3238 sens-us.

196 3258 316 3320 Plorare
340 3277 412 3338 ergo
434 3259 514 3320 iubet
539 3279 654 3321 causam
675 3261 796 3322 dicentis
819 3265 902 3324 amici

197 3343 428 3423 squaloremque
451 3346 512 3421 rei,
535 3345 674 3423 pupillum
696 3345 731 3405 ad
752 3348 814 3406 iura
836 3356 990 3406 vocantem
1131 3351 1174 3406 tto

198 3424 502 3505 circumscriptorem,
526 3430 605 3488 cuius
627 3431 768 3490 manantia
789 3432 858 3491 lietu

197 3507 254 3567 Ora
277 3507 425 3586 puellares
449 3513 557 3571 faciunt
581 3513 691 3572 incerta
714 3513 821 3591 capilli.
