2460 4004
228 271 269 331 76
575 279 610 326 D.
631 279 702 326 IUN.
723 279 908 327 Iuventus

229 421 362 498 Hospes,
387 429 416 480 et
438 421 502 497 ipse
524 427 618 477 tamen
641 419 811 494 contingens
833 419 971 495 sanguine
995 421 1126 481 coelum:

228 503 313 564 Alter
335 504 433 582 aquis,
460 502 533 562 alter
557 500 675 562 dammis
699 502 734 562 ad
756 503 852 562 sidera
875 503 988 562 missus.

228 587 352 647 Fercula
376 604 450 646 nunc
476 585 541 645 audi
565 585 650 648 nullis
675 595 775 646 ornata
796 585 938 645 macellis.

228 671 273 730 Dc
298 669 447 730 Tiburtino
470 670 568 728 veniet
590 670 792 746 pinguissimus
817 685 890 744 agro

229 754 374 814 Haedulus
397 762 428 814 et
450 761 510 812 toto
536 770 629 830 grege
652 752 783 827 mollior,
808 752 916 811 inscius
938 752 1059 828 herbae,

229 837 359 898 Necdum
379 855 465 897 ausus
487 836 584 912 virgas
606 835 719 895 humilis
742 834 878 894 mordere
898 835 1005 911 salicti,

230 921 285 994 Qui
307 921 371 999 plus
396 920 479 980 lactis
505 918 593 978 babet
615 937 699 998 quam
723 919 885 996 sanguinis,
912 927 941 978 et
962 921 1087 980 montani

228 1004 389 1082 Asparagi,
414 1004 510 1081 posito
535 1018 609 1079 quos
636 1002 708 1079 legit
741 1003 827 1062 vilica
853 1003 933 1068 fuso:

230 1087 353 1148 Grandia
380 1095 534 1164 praeterea
559 1095 695 1164 tortoque
719 1085 843 1146 calentia
866 1085 954 1146 foeno

229 1169 290 1230 Ova
314 1169 417 1230 adsunt
441 1170 512 1247 ipsis
536 1186 598 1228 cum
623 1169 776 1244 matribus,
803 1179 832 1228 et
854 1177 988 1230 servatae

228 1254 314 1314 Parte
341 1255 422 1327 anni,
447 1252 549 1332 quales
574 1252 687 1312 fuerant
711 1254 739 1312 in
763 1253 887 1326 vitibus,
909 1269 994 1326 uvae,

155 1349 157 1352 ·
229 1338 376 1414 Signinum
401 1337 573 1415 Syriumque
595 1337 703 1414 pirum,
727 1337 764 1396 de
787 1335 925 1396 corbibus
948 1336 1039 1397 isdem

229 1419 352 1480 Aemula
377 1419 490 1480 Picenis
517 1428 547 1479 et
569 1421 668 1480 odoris
692 1420 766 1480 mala
789 1420 927 1494 recentis,

229 1501 292 1563 Nec
311 1504 464 1564 metuenda
485 1503 552 1578 tibi,
578 1505 716 1563 siccatum
738 1503 848 1581 frigore
872 1512 1025 1581 postquam

230 1586 400 1647 Autumnum
427 1597 456 1646 et
478 1587 558 1646 crudi
581 1605 708 1664 posuere
733 1586 864 1665 pericula
888 1588 978 1646 succi.

230 1670 310 1731 llaec
335 1671 402 1731 olim
424 1671 515 1730 nostri
537 1672 592 1730 iam
614 1671 762 1731 luxuriosa
785 1679 902 1730 senatus

230 1752 330 1814 Goena
355 1750 564 1828 raincarius,
590 1771 681 1832 parvo
706 1773 781 1833 quae
803 1753 918 1830 legerat
942 1752 1039 1826 horto,

229 1836 298 1915 lpse
323 1837 398 1898 iocis
419 1836 557 1897 brevibus
581 1837 710 1915 ponebat
731 1837 879 1912 oluscula,
905 1854 979 1915 quae
999 1854 1075 1898 nunc

230 1921 383 1999 Squalidus
408 1922 436 1980 in
462 1938 564 1998 magna
585 1921 692 1980 fastidit
714 1920 856 1998 compede
880 1919 988 1994 iossor,

230 2002 285 2077 Qui
310 2006 454 2080 meminit,
480 2005 591 2065 calidae
612 2006 706 2082 sapiat
728 2005 795 2082 quid
817 2003 902 2064 vulva
923 2003 1060 2080 popinae.

229 2089 307 2147 Sicci
335 2098 418 2166 terga
443 2090 519 2163 suis,
545 2106 610 2147 rara
632 2088 787 2166 pendentia
813 2097 903 2161 orate,

229 2170 317 2230 bloris
344 2181 408 2232 erat
433 2170 575 2248 quondam
603 2171 687 2230 iestis
709 2189 829 2231 servare
851 2170 954 2230 diebus

229 2253 266 2315 Et
292 2255 456 2314 natalicium
479 2256 609 2332 cognatis
633 2272 744 2334 ponere
768 2255 888 2328 lardum,

232 2337 402 2398 decedente
426 2355 518 2413 nova,
541 2338 565 2396 si
588 2356 673 2417 quam
696 2338 782 2398 dabat
806 2338 915 2412 hostia,
943 2354 1039 2396 carne.

230 2418 426 2498 Cognatorum
451 2421 556 2498 aliquis
579 2423 661 2482 titulo
687 2431 732 2481 ter
757 2420 885 2482 consulis
908 2429 994 2498 atque

230 2502 396 2564 Castrorum
423 2505 551 2582 imperiis
575 2513 604 2564 et
625 2507 775 2566 dictatoris
800 2505 912 2566 honore

229 2586 355 2647 Functus
379 2588 415 2648 ad
439 2588 490 2648 bas
517 2587 619 2666 epulas
639 2590 725 2649 solito
748 2591 883 2649 maturius
906 2587 976 2662 ibat,

229 2669 366 2738 Erectum
384 2671 492 2731 domito
516 2672 650 2732 referens
672 2691 689 2732 a
710 2682 807 2732 monte
826 2673 963 2749 ligonem.

230 2753 322 2828 Quum
343 2764 501 2815 tremerent
521 2765 615 2816 autem
636 2755 745 2816 Fabios
767 2756 925 2834 durumque
948 2751 1090 2814 Catonem

229 2837 266 2896 Et
287 2839 415 2899 Scauros
439 2849 468 2898 et
488 2837 656 2916 Fabricios,
676 2848 824 2918 postremo
847 2855 970 2898 severos

230 2919 370 2981 Censoris
388 2941 486 2984 mores
509 2925 594 2984 etiam
613 2923 729 3000 collega
750 2925 875 2998 timeret,

230 3003 322 3065 Nemo
342 3007 417 3066 inter
438 3025 521 3068 curas
545 3016 574 3066 et
595 3009 672 3067 seria
695 3007 775 3066 duxit
792 3006 965 3082 habendum,

231 3086 333 3161 Qualis
354 3091 380 3148 in
403 3089 522 3151 Oceano
542 3089 630 3150 fluctu
649 3090 764 3151 testudo
784 3099 906 3166 nataret,

232 3168 348 3232 clarum
374 3173 547 3250 Troiugenis
566 3174 676 3235 lactura
703 3183 733 3232 et
756 3173 854 3234 nobile
881 3173 1020 3244 lulcruma

231 3256 291 3315 Sed
312 3257 388 3316 nudo
410 3257 503 3315 latere
526 3265 555 3316 et
576 3259 674 3335 parvis
697 3256 778 3316 frons
798 3275 884 3318 aerea
907 3257 993 3316 lectis

230 3339 298 3398 Vile
320 3341 449 3399 coronati
472 3347 558 3418 caput
577 3340 750 3402 ostendebat
770 3341 865 3416 aselli,

231 3421 277 3481 Ad
302 3421 380 3500 quod
401 3421 502 3482 lascivi
524 3422 661 3484 ludebant
685 3426 760 3483 ruris
782 3425 896 3484 alumni.

232 3503 320 3563 Tales
345 3521 417 3582 ergo
444 3506 517 3584 cibi,
541 3507 634 3586 qualis
656 3507 757 3567 domus
780 3517 866 3587 atque
887 3507 1033 3585 supellex.

1182 3179 1209 3235 95
