2460 4004
421 271 547 320 suarna
570 273 641 319 xvr.
949 259 1007 320 105

74 414 195 474 Praemia
218 429 301 472 nune·
315 411 371 470 elia
397 420 483 488 atque
507 411 562 472 alia
586 409 778 471 emolumenta
799 421 931 472 notemus
974 422 1009 474 35

38 497 282 556 sacramentorum.
319 492 489 553 Convellem
512 496 586 553 ruris
611 495 678 553 aviti

36 579 172 657 lmprebus
196 588 244 640 aut
267 595 397 656 campum
420 577 487 636 milri
508 579 532 636 si
555 577 666 636 vicinus
688 575 805 654 ademit,

35 661 67 722 lli
88 680 193 722 sacrum
218 661 319 722 effodit
339 660 434 720 medio
457 660 493 720 de
519 660 608 719 limite
628 677 739 736 saxum,

34 745 110 819 Quod
129 764 191 806 mea
215 763 278 806 cum
312 744 410 822 patulo
437 744 527 804 coluit
556 743 622 822 puls
651 761 744 804 annua
768 741 849 822 libo,

33 829 145 889 Debitor
166 837 214 888 aut
236 836 366 906 sumptos
389 828 486 906 pergit
512 844 570 886 non
594 827 721 886 reddere
748 845 889 904 nummos,
974 836 1009 889 40

33 911 104 973 Vama
126 913 297 992 supervacui
319 912 419 971 dicans
447 910 643 990 chirographa
665 911 751 988 ligni:

30 995 242 1074 Exspectandus
266 997 321 1054 erit
344 996 392 1074 qui
414 994 481 1055 lites
504 993 622 1054 inchoet
645 1013 734 1053 armus

29 1078 126 1144 l'ctius¹
143 1078 260 1158 populi;
283 1077 335 1138 sed
357 1087 424 1137 tunc
447 1094 564 1157 quoque
583 1077 662 1137 mille
685 1078 805 1138 ferenda

29 1158 146 1240 Taedia,
167 1161 246 1222 mille
266 1179 380 1221 morae:
404 1162 492 1220 toties
515 1161 657 1222 subsellia
680 1170 787 1221 tantum

27 1249 204 1316 sternacium
230 1247 285 1305 iam
308 1245 431 1306 iucundo
454 1253 582 1323 ponente
609 1245 743 1306 lacernas
974 1256 1008 1310 45

28 1329 161 1391 Caedicio
189 1338 218 1390 et
241 1327 337 1389 Fusco
362 1330 417 1388 iam
441 1330 624 1389 micturiente
645 1331 738 1408 parati

24 1413 206 1493 Digredimur
228 1413 364 1492 lentaque
387 1412 444 1472 lori
466 1431 627 1491 pugnamus
650 1431 747 1472 arena.

24 1498 76 1560 Ast
96 1497 168 1574 illis,
194 1500 267 1577 quos
290 1514 367 1556 arma
388 1504 489 1573 tegunt
512 1505 542 1556 et
562 1496 677 1556 balteus
700 1493 797 1571 ambit,

24 1580 108 1654 Quod
132 1580 269 1659 placitum
292 1589 336 1640 est
358 1580 431 1658 ipsis
457 1588 622 1658 praestatur
642 1588 757 1658 tempus
782 1580 898 1658 agendi,

22 1662 84 1726 Nec
109 1682 158 1725 res
181 1663 422 1740 atteriturlengc
445 1664 605 1724 sufflamine
628 1663 695 1724 litis.
974 1677 1009 1728 5ο

13 1748 99 1818 Solis
125 1759 280 1827 praeterea
302 1747 427 1808 testandi
447 1748 584 1809 militibus
607 1749 651 1808 ius

13 1829 96 1890 {Vivo
121 1841 203 1909 patre
227 1833 325 1901 datur;
348 1851 429 1907 nam,
454 1849 528 1909 quae
554 1841 620 1890 sunt
641 1842 724 1909 parta
746 1831 848 1893 labore

17 1909 161 1988 Militiae,
184 1914 292 1990 placuit
314 1931 372 1972 non
392 1931 460 1972 esse
482 1916 510 1973 in
533 1931 660 1992 corpore
684 1932 800 1988 census,

47 2013 115 2054 mne
138 2004 218 2054 terret
244 1995 324 2054 cuius
350 1997 481 2071 regimen
503 2005 596 2075 pater.
637 1995 718 2075 Ergo
743 1994 896 2073 Coranum,

42 2080 177 2155 ignorum
205 2079 339 2138 comitem
362 2087 582 2158 castrorumque
606 2099 675 2142 aera
698 2089 868 2157 merentem,
975 2091 1009 2144 55

48 2162 160 2220 uamvis
184 2163 241 2222 iam
266 2162 404 2222 tremulus
428 2171 525 2240 captat
548 2173 641 2242 pater.
685 2164 767 2226 lluuc
791 2164 875 2226 lavor
897 2183 1008 2244 aequus

40 2243 160 2304 rovelrit
182 2253 211 2305 et
234 2245 358 2325 pulchre
379 2243 474 2306 reddit
496 2264 548 2307 sua
570 2248 645 2309 dona
668 2247 771 2310 labori.

12 2327 115 2406 ‘ipsius
138 2337 219 2389 certe
242 2331 324 2390 ducis
348 2329 406 2390 lroe
430 2328 543 2390 referre
565 2331 690 2409 videtur,
866 2325 870 2334 ’

23 2407 78 2488 Ut,
107 2413 157 2491 qui
179 2413 263 2474 fortis
285 2415 357 2491 erit,
382 2415 419 2474 sit
440 2413 625 2476 felicissimus
645 2417 733 2494 idem,

21 2493 58 2554 tu
83 2495 155 2558 laeti
178 2495 308 2576 phaleris
333 2515 433 2560 omnes
457 2507 487 2558 et
508 2500 658 2581 torquibus
684 2519 793 2562 omues.
974 2511 1009 2567 dit
