2480 4006
187 284 224 333 Vl
567 281 775 332 PRAEFATIO.

189 430 243 485 iano
260 433 354 483 tantum
372 432 456 482 contra
466 424 629 486 Domitianum
646 441 758 498 pugnans
772 425 853 482 locum
865 427 929 483 exilii
940 426 1032 483 definiri
1042 445 1113 500 posse
1123 431 1163 486 de-

188 512 306 584 speravit;
318 511 388 565 mitto
398 511 470 565 etiam
481 510 638 577 1515155555,
651 512 691 582 qui
702 511 726 566 in
736 510 817 566 libello
827 511 942 580 inscripto
953 511 1058 578 Juvenal,
1071 514 1109 570 ein
1120 513 1164 569 Le·

188 597 260 652 bens·
275 597 325 650 und
337 593 518 650 Charakterbild
529 610 572 650 aus
588 596 630 650 der
647 594 782 649 romiscben
792 594 938 659 Kaiserzeit‚
956 595 1163 655 8155115151851.

188 685 214 748 8,
225 695 250 751 5.
263 683 314 737 lon
324 694 376 750 sqq.
388 678 490 734 eundem
501 678 628 734 ihaianum
639 693 695 733 oum
707 678 818 750 Aegypto
828 679 932 734 retinens
942 678 1096 736 nihilominus
1107 695 1163 751 poe-

188 771 239 820 tam
248 762 331 818 nescio
345 763 440 834 quando
450 762 475 818 in
485 761 570 817 urbem
581 777 703 817 reversum
713 763 828 837 reliquam
838 762 911 817 vitam
921 763 946 818 in
958 763 1088 819 Tiburtinis
1097 779 1164 834 prae·

188 849 234 905 diis
251 847 347 918 degisse
362 846 458 910 statuit,
477 860 565 916 nempe
574 846 643 900 venia
659 845 688 900 ab
700 845 844 916 imperatore
854 853 952 917 accepta
967 848 1165 919 reconciliataque

188 932 281 1006 gratia,
300 929 368 984 55155
378 930 413 984 rei
423 943 454 984 ne
463 929 594 1002 vestigium
604 929 700 1000 quidem
718 931 780 1000 apud
791 937 883 986 veteres
894 937 1004 986 auctores
1015 937 1106 994 555155
1122 931 1164 986 sed

188 1031 219 1072 ue
229 1013 402 1084 Hertzbergius
421 1013 532 1084 quidem,
552 1014 592 1086 qni
609 1013 634 1068 in
645 1010 822 1069 Schneidewini
832 1012 960 1086 Philologo
977 1014 1005 1070 1.
1017 1014 1052 1080 11,
1069 1030 1095 1084 5.
1113 1016 1164 1072 579

188 1099 303 1171 reliquam
314 1101 422 1152 nostram
432 1097 617 1166 disputationem
628 1112 727 1154 5555555
737 1094 782 1153 555
793 1098 909 1168 probavit,
919 1100 1055 1170 Aegyptum
1063 1098 1165 1154 abiicere

189 1198 260 1240 ausus
273 1186 322 1244 est,
334 1194 380 1235 nec
391 1180 558 1253 Bembardyus
569 1181 696 1237 Gmndriss
714 1181 756 1238 der
766 1189 826 1238 rom.
839 1181 886 1236 Lit.
900 1197 923 1252 p.
937 1187 988 1240 sot
998 1197 1011 1238 5
1022 1188 1103 1238 551555
1113 1182 1164 1252 opi·

188 1267 259 1322 nione
269 1264 386 1330 5115555511,
398 1265 423 1319 15
436 1280 484 1336 quo
495 1265 554 1320 illud
564 1266 669 1321 manime
680 1266 760 1332 miror,
773 1267 837 1337 quod
848 1267 889 1337 qui
905 1271 1011 1321 nostram
1022 1266 1164 1321 sententiam

187 1348 307 1406 historicis
318 1347 477 1404 fundamentis
489 1364 570 1404 carere
581 1355 668 1422 negat,
686 1349 753 1406 nullo
764 1356 862 1406 auctore
876 1349 1020 1404 Hadrianum
1031 1365 1045 1404 5
1055 1349 1165 1405 Iuvenale

189 1433 307 1492 offensum
318 1446 371 1488 esse
381 1447 476 1488 narrare
487 1449 536 1489 non
553 1433 654 1490 dubitat.
678 1433 708 1488 Et
721 1433 892 1504 Hertzbergius
905 1433 1001 1504 quidem
1012 1432 1165 1489 Caledoniam

188 1519 274 1574 eodem
289 1523 432 1588 argumento
442 1517 583 1590 impugnat,
604 1534 652 1590 qno
669 1518 717 1572 iam
727 1516 861 1572 antzerus
878 1517 903 1571 in
913 1516 987 1572 lahnii
998 1516 1085 1572 Archiv
1097 1519 1165 1573 1840

188 1603 216 1658 Τ.
228 1601 267 1670 Vl,
279 1617 304 1672 5.
318 1602 370 1658 374
380 1617 433 1673 sqq.
446 1602 564 1674 confugit,
575 1601 618 1656 ubi
629 1617 704 1673 qnurn
715 1601 812 1657 omnino
823 1600 940 1656 luvenalis
951 1600 1048 1656 erilium
1059 1615 1073 1654 a
1084 1614 1165 1672 gram·

188 1687 282 1742 maticis
293 1699 323 1738 ex
339 1684 401 1739 locis
418 1691 504 1754 poetae
520 1685 583 1740 male
599 1685 727 1740 intellectis
736 1684 820 1739 fictum
830 1699 883 1739 esse
893 1684 1036 1748 contendat.
1055 1681 1166 1740 Scotioae

188 1783 283 1842 quoque
294 1767 392 1823 militiae
403 1769 491 1824 samam
502 1783 533 1823 err
542 1767 592 1822 Sat.
604 1768 639 1822 11.
653 1771 702 1826 159
712 1769 805 1824 -161
819 1768 938 1840 originem
953 1767 1050 1824 drrxisse
1059 1768 1165 1838 suspica·

190 1870 240 1916 rura
257 1852 315 1908 huic
325 1859 406 1908 tamen
423 1853 487 1925 quod
501 1852 531 1907 de
542 1852 652 1924 Aegypto
669 1851 770 1906 libenter
787 1851 906 1917 concedo,
924 1845 995 1924 qnam
1012 1853 1053 1924 qni
1068 1857 1165 1922 poetam

189 1938 275 1994 adiisse
285 1937 310 1992 in
320 1937 392 1992 satira
401 1937 446 1992 sub
460 1937 540 2008 ipsum
549 1936 612 1992 vitae
621 1935 693 1991 finem
708 1937 799 2006 scripta
811 1936 923 2008 legisset.
940 1936 1028 1991 ibidem
1041 1951 1096 1990 eum
1108 1951 1166 1991 exu-

188 2023 251 2078 lasse
264 2020 334 2078 facile
345 2022 453 2093 collegit.
464 2021 489 2076 id
499 2021 524 2076 in
534 2020 659 2076 lubernam
669 2026 694 2074 et
705 2017 809 2075 Orcadas
821 2020 905 2075 cadere
914 2035 1012 2090 prorsus
1023 2033 1095 2090 nego,
1107 2033 1167 2090 5555

189 2121 266 2177 neque
277 2104 373 2159 easdem
393 2119 448 2158 oum
460 2102 542 2159 Scotia
562 2103 734 2175 grammaticus
750 2103 839 2159 habere
854 2109 948 2174 poterat
964 2117 1041 2174 neque
1051 2104 1083 2156 115
1095 2109 1166 2172 55515

189 2193 314 2252 memorat,
326 2193 440 2242 utooram
450 2187 496 2242 sibi
507 2192 576 2242 notas
586 2186 720 2259 significem
731 2187 781 2242 sive
791 2187 901 2242 ntinbnos
907 2185 1078 2241 Britannorum
1087 2192 1167 2241 555155

189 2271 268 2343 ipsum
277 2270 365 2326 uidisse
380 2271 436 2325 inde
447 2271 563 2342 colligere
581 2271 650 2335 licet,
666 2271 751 2326 eodem
767 2277 832 2326 certe
849 2271 911 2337 iure,
927 2285 975 2340 quo
994 2269 1167 2342 Hertzbergius

189 2355 360 2428 Aegyptiaoam
371 2359 457 2424 poetae
467 2355 684 2426 peregrinationem
695 2355 725 2410 ad
736 2355 800 2409 exilii
812 2354 863 2408 eius
874 2352 1075 2424 sigriticationem
1086 2353 1168 2408 detor·

189 2440 232 2506 sit,
250 2439 296 2493 iter
307 2437 470 2493 Britannicum
480 2438 505 2492 in
518 2437 628 2494 85511555
639 2439 738 2494 militiae
751 2437 915 2494 testimonium
926 2435 1098 2494 adhibebimus.
1124 2436 1167 2490 111-

189 2523 305 2578 ston‘oum
315 2527 395 2576 551515
411 2521 482 2576 huius
498 2522 679 2578 fundamentum
696 2521 735 2593 551
747 2521 878 2584 desiderat,
897 2519 1001 2575 solidum
1018 2535 1047 2575 ac
1057 2525 1167 2591 paratum

189 2605 329 2662 invenietin
343 2606 413 2661 titulo
424 2605 510 2678 Aquini
526 2607 550 2661 in
568 2607 619 2678 ipsa
635 2605 752 2660 luvenalis
766 2603 842 2674 patria
857 2609 965 2673 reperto,
983 2604 1008 2658 in
1025 2618 1097 2675 quem
1118 2603 1168 2658 iam

189 2689 323 2762 Pinzgenrs
333 2690 357 2744 in
368 2688 468 2760 prem.
482 2690 544 2746 liter.
564 2690 658 2745 lenens.
673 2687 781 2748 185311.
796 2689 830 2744 13
843 2687 990 2742 emditomm
1002 2687 1095 2743 animos
1106 2703 1168 2742 con·

189 2774 267 2839 uertit,
280 2759 365 2828 eddem
375 2779 455 2828 tamen
466 2788 537 2828 nemo
552 2790 610 2829 usus
621 2779 658 2827 est
669 2777 762 2842 praeter
772 2771 893 2826 Bauerum
903 2770 928 2825 in
938 2771 1019 2826 libello
1031 2771 1071 2843 qui
1083 2772 1169 2826 inscri-

189 2859 254 2915 bitur
269 2856 387 2913 Kritische
397 2857 584 2928 Bemerhungen
600 2855 658 2912 uber
679 2855 759 2928 einige
776 2853 936 2910 Naohriohten
953 2870 996 2910 aus
1013 2855 1069 2910 dem
1085 2853 1169 2909 beben

189 2943 313 3006 iuvencis,
330 2940 492 3013 Regensbnrg
508 2942 585 2998 1833.
601 2943 632 3004 8,
649 2941 737 3009 5185
755 2938 824 3010 15555
834 2953 908 3009 quum
924 2939 1069 2994 inuniversa
1081 2945 1171 3008 poetae

189 3027 237 3081 vita
255 3025 410 3081 describenda
425 3031 477 3080 tum
492 3024 518 3078 in
534 3023 581 3077 hoc
593 3023 671 3093 lapide
688 3021 720 3076 ita
738 3037 751 3076 5
768 3037 825 3076 vero
837 3021 968 3089 aberravit,
986 3029 1014 3078 ut
1024 3036 1095 3093 quem
1107 3019 1170 3075 Divi

193 3109 335 3182 Vespasiani
349 3108 470 3164 flaminem
484 3105 600 3178 perscribi
614 3105 731 3179 legimus,
754 3119 809 3160 eum
819 3105 864 3161 suh
874 3105 1018 3176 Vespasiano
1034 3104 1072 3158 bis
1089 3102 1171 3158 flami·

188 3209 245 3250 nem
256 3194 329 3248 inisse
338 3198 443 3247 narraret
453 3206 530 3264 55555
544 3189 608 3246 iacto
619 3189 768 3257 iuvenalem,
785 3203 858 3261 quem
874 3204 895 3245 5.
910 3192 946 3247 84
956 3204 981 3260 5.
992 3187 1049 3244 Chr.
1061 3186 1106 3242 snb
1117 3186 1172 3242 Do-

189 3278 288 3334 mitiano
299 3277 426 3332 stationem
437 3275 579 3348 inhegypto
590 3273 702 3330 habuisse
714 3289 744 3328 ex
754 3288 826 3344 praua
831 3271 884 3328 Sat.
891 3271 942 3328 XV.
948 3272 1052 3328 lectione
1063 3272 1172 3327 somnia·

188 3363 234 3426 rit.
247 3360 302 3430 5515
318 3359 366 3413 iam
376 3359 429 3414 vivo
448 3359 518 3415 huius
534 3357 602 3430 patre
618 3359 712 3414 cohorti
726 3357 890 3413 Delmatamm
904 3357 1058 3428 praebuisset,
1076 3355 1115 3410 uel
1131 3355 1172 3411 bis

188 3443 273 3498 militia
281 3443 642 3516 hrnotnmstatuereoogeretur.
663 3441 711 3498 Sed
721 3437 1172 3511 5551511551551155555511551ῑὶ5155

188 3525 307 3582 sufficiat:
325 3526 400 3596 ipsius
408 3526 483 3593 tituli,
496 3542 567 3599 quem
577 3533 632 3600 post
646 3525 776 3584 uitandum
787 3525 894 3598 aliosque
904 3523 1082 3584 accuratissime
1092 3537 1174 3596 nupec
