2480 4006
222 288 261 348 20
551 302 576 348 o
604 302 675 349 run.
693 301 878 348 ruvuunurs

222 440 330 514 Quales
354 448 421 498 tunc
442 439 543 518 epulas
563 441 656 519 ipsum
679 441 813 518 gluttisse
835 448 966 517 putamus

221 523 475 601 lnduperatorem,
500 541 586 601 quum
611 534 654 583 tot
675 526 826 598 sestertia,
850 531 961 600 partem

222 607 364 684 Exiguam
387 616 416 665 et
437 607 567 667 modicae
592 617 732 687 sumptam
754 607 790 666 de
813 609 941 683 margine
964 625 1085 684 coenae,
1173 619 1209 672 30

222 692 386 768 Purpureus
410 692 503 767 magni
526 693 646 750 ructarit
669 709 768 751 scurra
792 689 891 764 Palati,

222 773 280 834 lam
304 775 440 852 princeps
463 776 606 851 equitum,
630 792 732 850 magna
756 775 804 852 qui
826 789 901 832 voce
924 775 1040 834 solebat

222 857 358 916 Vendere
381 857 539 934 municipes
562 857 654 917 fracta
677 859 713 917 de
734 874 832 916 merce
855 855 984 917 siluros?

222 941 337 1018 Incipe,
362 939 511 1018 Calliope,
534 941 603 1000 licet
627 950 656 999 et
680 941 850 1001 considere:
873 957 930 998 non
956 951 1000 1000 est

224 1023 415 1099 beurandum,
438 1041 486 1082 res
509 1042 579 1083 vera
603 1025 711 1100 agitur;
734 1032 865 1098 narrate,
889 1024 1005 1101 puellae
1177 1035 1210 1087 35

223 1107 369 1173 Pierides;
393 1108 485 1184 prosit
509 1106 575 1167 mibi
596 1125 650 1166 vos
672 1107 780 1166 dixisse
805 1105 935 1184 puellas!

266 1190 357 1263 Quum
381 1192 436 1250 iam
460 1191 653 1250 semianimum
676 1191 820 1250 laceraret
842 1188 959 1249 Flavius
981 1190 1081 1250 orbem

223 1274 360 1348 Ultimus,
386 1283 414 1332 et
438 1274 522 1334 calvo
547 1275 672 1334 serviret
694 1275 784 1333 Roma
807 1273 927 1350 Neroni,

222 1357 324 1418 Incidit
348 1356 466 1416 Adriaci
490 1359 611 1436 spatium
634 1357 801 1418 admirabile
823 1356 935 1417 rhombi

224 1441 299 1500 Ante
322 1442 435 1500 domum
459 1440 598 1517 Veneris,
627 1460 710 1519 quam
731 1441 839 1501 Dorica
862 1443 983 1501 sustinet
1006 1442 1119 1517 Ancon,
1176 1453 1209 1504 40

224 1524 415 1603 Implevitque
441 1526 533 1591 sinus;
562 1543 616 1584 neo
639 1527 713 1584 enim
735 1528 827 1584 minor
848 1525 983 1584 haeserat
1005 1525 1074 1600 illis,

225 1607 305 1681 Quos
329 1610 424 1686 operit
445 1609 557 1684 glacies
581 1607 725 1668 Maeotica
748 1618 890 1686 ruptaque
911 1608 1025 1669 tandem

225 1691 343 1750 Solibus
367 1691 487 1751 ellundit
510 1694 645 1751 torrentis
668 1693 703 1751 ad
727 1695 801 1752 ostia
824 1692 917 1766 Ponti,

226 1775 344 1834 Desidia
367 1773 465 1834 tardos
488 1785 516 1834 et
543 1776 632 1853 longo
656 1776 766 1852 frigore
789 1777 921 1852 pingues.

224 1857 357 1918 Destinat
378 1858 435 1918 hoc
458 1869 615 1918 monstrum
637 1858 756 1934 cymbae
778 1858 885 1936 linique
907 1859 1043 1934 magister

225 1942 356 2002 Pontidoi
379 1959 498 2002 summo.
545 1943 616 2017 Quis
641 1943 715 2002 eninr
736 1958 903 2020 proponere
925 1941 1012 2000 talem

225 2027 283 2085 Aut
306 2044 402 2086 emere
425 2027 561 2100 auderet,
586 2045 672 2105 quum
695 2025 781 2102 plena
801 2033 829 2082 et
850 2024 935 2084 litora
958 2025 1047 2084 multo

225 2109 365 2168 Delatore
389 2109 506 2168 forent?
534 2109 659 2187 dispersi
681 2109 810 2185 protinus
833 2107 919 2184 algae

225 2192 549 2270 Inquisitoresagerent
573 2209 636 2250 cum
662 2193 773 2268 remige
795 2191 882 2256 nudo,

225 2273 290 2333 Non
312 2273 464 2334 dubitaturi
489 2275 640 2352 fugitivum
662 2275 760 2333 dicere
786 2276 895 2353 piscem

225 2357 442 2434 Depastumque
466 2358 512 2417 diu
533 2359 642 2417 vivaria
665 2355 799 2417 Caesaris
823 2359 889 2418 inde

225 2439 364 2518 Elapsum
385 2449 516 2500 veterem
539 2442 575 2502 ad
597 2441 740 2500 dominum
761 2441 870 2501 debere
892 2442 1009 2501 reverti.

226 2525 256 2582 Si
280 2525 347 2602 quid
368 2523 512 2602 Palfurio,
537 2527 562 2584 si
583 2524 725 2585 credimus
749 2525 913 2595 Armillato,

227 2606 370 2686 Quidquid
391 2610 578 2687 conspicuum
600 2607 809 2687 pulchrumque
827 2619 872 2668 est
894 2625 1023 2688 aequore
1046 2617 1118 2683 toto,

226 2691 286 2750 Res
310 2691 372 2751 fisci
395 2700 455 2766 est,
479 2692 652 2770 ubicumque
675 2700 769 2752 natat:
792 2692 944 2752 donabitur
967 2708 1051 2768 ergo,

226 2774 270 2834 Ne
293 2784 405 2855 pereat.
451 2775 510 2836 lam
533 2777 649 2838 letiiero
674 2775 796 2835 cedente
822 2777 930 2854 pruinis

227 2859 386 2936 Autumno,
409 2861 464 2920 iam
490 2871 654 2941 quartanam
678 2859 860 2936 sperantibus
885 2860 993 2937 aegris,

227 2944 375 3004 Stridebat
401 2944 538 3004 deformis
562 2945 651 3004 biems
675 2943 870 3021 praedamque
894 2952 1042 3002 recentem

227 3027 384 3088 Servabat:
409 3036 503 3087 tamen
527 3028 574 3086 hic
596 3037 752 3105 properat,
775 3027 854 3086 velut
876 3036 980 3104 urgeat
1005 3035 1112 3086 auster.

226 3109 322 3188 thue
350 3111 430 3168 lacus
453 3110 603 3185 suberant,
627 3109 676 3169 ubi
699 3129 868 3189 quamquam
890 3111 982 3170 diruta
1005 3121 1103 3170 servat

227 3193 326 3270 Ignem
349 3192 501 3252 Troianum
526 3203 554 3253 et
576 3193 694 3253 Vestam
718 3194 788 3254 colit
813 3195 888 3255 Alba
911 3196 1059 3262 minorem,

229 3276 345 3338 Obstitit
367 3278 480 3336 intranti
502 3279 631 3337 miratrix
652 3277 735 3336 turba
758 3297 928 3357 parumper;

228 3359 265 3420 Ut
291 3362 395 3436 cessit,
420 3361 500 3420 facili
523 3370 676 3438 patuerunt
699 3361 815 3422 cardine
837 3363 957 3430 valvae;

228 3443 348 3504 Exclusi
371 3453 504 3522 spectant
527 3446 650 3505 admissa
674 3445 795 3505 obsonia
819 3455 926 3523 patres.

228 3527 286 3586 ltur
309 3527 343 3588 ad
366 3527 509 3597 Atriden:
533 3538 591 3590 tum
614 3529 733 3590 Picens:
759 3528 889 3608 Accipe,
913 3529 994 3602 dixit,
