2460 4004
410 264 534 312 sauma
554 265 588 310 X.

37 408 108 468 llaec
129 407 194 467 data
215 421 311 486 poena
336 403 384 464 diu
407 403 586 476 viventibus,
612 413 642 462 ut
665 413 804 464 renovata

36 493 151 570 Semper
176 488 260 550 clade
286 487 387 548 domus
413 487 508 547 multis
530 491 558 546 in
580 486 704 546 luctibus
727 488 814 565 inque

36 575 172 652 Perpetuo
197 588 330 631 maerore
353 581 382 631 et
403 573 485 648 nigra
507 579 590 629 ueste
614 580 778 638 senescant.
959 583 1012 637 245

37 658 94 717 Rex
117 657 230 732 Pylius,
258 672 364 732 magno
388 657 413 715 si
438 655 592 733 quidquam
617 653 712 714 credis
735 652 873 730 Homero,

35 739 199 818 Exemplum
225 740 301 798 vitae
323 739 410 799 inita
433 739 552 798 cornice
576 737 732 798 secundae.

35 824 112 883 Felix
135 823 281 897 nimirum,
306 823 357 901 qui
376 832 419 882 tot
442 840 497 901 per
518 821 620 882 secula
645 831 766 881 mortem

35 907 145 967 Distulit
171 915 259 983 atque
284 922 353 964 suos
379 908 434 967 iam
458 906 560 966 deutra
583 915 728 984 computat
750 923 851 984 anuos,

36 990 143 1071 Quique
165 1007 269 1048 novum
291 991 378 1049 toties
400 999 521 1051 mustum
547 989 628 1050 bibit.
662 988 737 1066 Oro,
762 1008 918 1070 parumper
960 1003 1013 1056 nso

34 1074 186 1150 Attendus,
211 1081 346 1153 quantum
371 1074 408 1133 de
438 1073 552 1150 legibus
576 1077 639 1152 ipse
662 1083 799 1152 queratur

34 1157 163 1218 Fatorum
187 1166 216 1216 et
240 1157 327 1217 nimio
349 1157 386 1218 de
408 1159 545 1234 stamine,
567 1175 651 1236 quum
671 1158 749 1219 videt
772 1161 847 1219 acris

34 1242 175 1302 Antilochi
197 1240 316 1302 barbam
339 1241 504 1318 ardentem,
531 1259 617 1320 quum
639 1243 751 1321 quaerit
773 1241 811 1303 ab
835 1247 910 1304 omni

35 1325 166 1406 Quisquis
203 1325 287 1385 adest
312 1327 425 1401 socius,
451 1344 502 1386 cur·
524 1325 598 1386 baec
619 1327 648 1384 iu
669 1335 801 1404 tempora
826 1327 920 1406 duret,

34 1409 112 1482 Quod
135 1410 248 1470 lacinus
269 1409 385 1486 dignum
407 1419 464 1470 tam
486 1409 575 1487 longo
598 1409 745 1470 admiserit
768 1409 865 1470 aevo?
961 1424 1015 1480 255

35 1493 107 1555 llaec
136 1495 239 1554 eadem
262 1491 386 1568 Peleus,
410 1501 522 1571 raptum
547 1511 633 1571 quum
655 1493 736 1570 luget
761 1492 914 1571 Achillem,

35 1577 125 1657 itque
149 1578 239 1652 alius,
272 1578 317 1636 cui
338 1577 384 1637 las
407 1575 535 1636 Itbacum
557 1577 661 1653 lugere
683 1585 834 1637 natantem.

34 1659 169 1720 incolumi
192 1660 279 1720 Troia
302 1659 430 1720 Priamus
452 1661 582 1721 venisset
607 1661 643 1721 ad
665 1660 781 1721 umbras

34 1745 167 1804 Assaraci
188 1745 300 1821 magnis
323 1743 529 1821 sollemnibus,
550 1745 678 1804 Hectore
703 1744 788 1804 binus

35 1827 164 1887 Portante
186 1845 221 1886 ac
243 1828 363 1905 reliquis
384 1828 503 1886 iratrum
529 1828 692 1886 cervicibus
715 1829 790 1885 inter

36 1909 148 1971 lliadum
174 1910 323 1983 lacrimas,
350 1919 379 1967 ut
402 1910 510 1986 primos
536 1910 626 1968 edere
648 1909 780 1986 planctus

37 1991 194 2054 Cassandra
217 1992 359 2068 inciperet
383 1991 534 2068 scissaque
558 1991 707 2068 Polyxena
731 1990 819 2069 palla,

37 2078 59 2136 Si
84 2077 166 2135 foret
189 2075 347 2134 exstinctus
373 2073 491 2133 diverso
514 2083 665 2153 tempore,
688 2091 746 2155 quo
769 2090 826 2134 non

38 2157 180 2237 Coeperat
201 2157 327 2218 audaces
349 2157 430 2218 Paris
450 2159 605 2219 aedificare
630 2161 751 2220 carinas.

38 2241 129 2320 longa
153 2241 217 2301 dies
242 2243 327 2318 igitur
349 2242 417 2321 quid
439 2239 579 2303 contulit?
602 2246 695 2305 omnia
718 2243 788 2303 vidit

38 2325 144 2386 llversa
167 2334 196 2384 et
217 2325 336 2385 llammis
357 2325 457 2386 Asiam
481 2327 621 2406 ferroque
644 2329 805 2389 cadentem.

39 2409 112 2470 lunc
131 2409 216 2468 miles
241 2410 379 2470 tremulus
406 2412 501 2488 posita
525 2411 589 2472 tulit
611 2431 687 2474 arma
716 2414 788 2472 tiara

41 2491 333 2554 turritanensem
356 2495 457 2554 summi
480 2494 575 2572 lovis,
599 2506 629 2556 ut
652 2497 766 2557 vetulus
791 2496 855 2572 bos,

42 2574 88 2646 oui
113 2577 218 2636 domini
242 2577 339 2636 cultris
362 2587 449 2638 tenue
476 2589 506 2639 et
527 2580 693 2641 miserabile
719 2581 825 2640 collum

43 2657 171 2734 Praebet,
199 2659 236 2720 ab
258 2662 371 2736 ingrato
393 2663 448 2721 iam
472 2663 617 2724 fastiditus
642 2673 747 2724 aratro.

43 2738 133 2802 tritus
156 2743 206 2803 ille
229 2753 383 2823 utcumque
405 2744 545 2823 bominis,
572 2748 625 2807 sed
646 2756 729 2806 torva
752 2747 853 2805 canino

44 2823 156 2886 latravit
178 2828 267 2902 rictu,
292 2845 366 2906 quae
390 2829 553 2907 posthunc
575 2833 703 2904 vixerat,
726 2846 810 2888 uxor.

45 2905 150 2970 Festino
173 2911 346 2972 adnostros
370 2922 400 2973 et
424 2932 526 2991 regem
547 2923 665 2974 transeo
686 2913 770 2973 Ponti

46 2988 75 3048 lit
94 2991 248 3068 Croesum,
272 3014 358 3073 quem
382 3015 440 3057 vox
462 2999 527 3057 iusti
549 2997 673 3058 iucunda
696 2996 812 3057 Solonis

48 3071 194 3152 Respicere
216 3077 253 3138 ad
275 3078 381 3157 longae
402 3083 484 3142 iussit
506 3083 599 3160 spatia
622 3081 718 3141 ultima
741 3082 828 3140 vitae.

49 3153 157 3221 Erillum
182 3171 212 3221 et
234 3179 337 3222 carcer
355 3163 617 3244 Minturnarumque
640 3165 762 3244 paludes

49 3236 78 3297 llt
96 3245 270 3305 mendicatus
288 3249 368 3326 ¹victu
396 3247 569 3326 Carthagine
592 3250 673 3328 panis

51 3319 108 3385 ilinc
128 3347 229 3390 causas
251 3330 389 3392 habuere.
423 3331 497 3405 Quid
518 3333 570 3392 illo
595 3335 659 3393 eive
682 3334 796 3394 tulisset

51 3400 140 3472 Natura
164 3413 192 3471 in
215 3416 318 3492 terris,
343 3416 410 3494 quid
433 3415 524 3476 Roma
544 3417 656 3478 beatius
678 3435 820 3496 umquam,

53 3485 76 3545 Sl
96 3493 284 3558 circumducto
303 3501 486 3577 captivorum
508 3503 622 3590 agmine
645 3511 674 3562 et
699 3502 775 3562 omni
