<?xml version="1.0" encoding="UTF-8"?>
<!DOCTYPE html PUBLIC "-//W3C//DTD XHTML 1.0 Transitional//EN"
    "http://www.w3.org/TR/xhtml1/DTD/xhtml1-transitional.dtd">
<html xmlns="http://www.w3.org/1999/xhtml" xml:lang="en" lang="en">
 <head>
  <title>
</title>
<meta http-equiv="Content-Type" content="text/html;charset=utf-8" />
  <meta name='ocr-system' content='tesseract 3.04.00' />
  <meta name='ocr-capabilities' content='ocr_page ocr_carea ocr_par ocr_line ocrx_word'/>
</head>
<body>
  <div class='ocr_page' id='page_1' title='image "./satirarumlibriq04juvegoog_0059.png"; bbox 0 0 2480 4006; ppageno 0'>
   <div class='ocr_carea' id='block_1_1' title="bbox 243 250 904 312">
    <p class='ocr_par' dir='ltr' id='par_1_1' title="bbox 243 250 904 312">
     <span class='ocr_line' id='line_1_1' title="bbox 243 250 904 312; baseline 0.006 -4"><span class='ocrx_word' id='word_1_1' title='bbox 243 250 282 308; x_wconf 81' lang='lat'><strong>24</strong></span> <span class='ocrx_word' id='word_1_2' title='bbox 564 265 600 310; x_wconf 83' lang='lat' dir='ltr'><strong>o.</strong></span> <span class='ocrx_word' id='word_1_3' title='bbox 622 265 694 311; x_wconf 82' lang='lat' dir='ltr'><strong>run.</strong></span> <span class='ocrx_word' id='word_1_4' title='bbox 718 265 904 312; x_wconf 81' lang='lat' dir='ltr'><strong>mvnnsnns</strong></span> 
     </span>
    </p>
   </div>
   <div class='ocr_carea' id='block_1_2' title="bbox 226 400 1218 3319">
    <p class='ocr_par' dir='ltr' id='par_1_2' title="bbox 242 400 963 482">
     <span class='ocr_line' id='line_1_2' title="bbox 242 400 963 482; baseline 0.003 -22"><span class='ocrx_word' id='word_1_5' title='bbox 242 402 314 461; x_wconf 87' lang='lat' dir='ltr'><strong>Tota</strong></span> <span class='ocrx_word' id='word_1_6' title='bbox 336 400 487 460; x_wconf 79' lang='lat' dir='ltr'><strong>salutatrix</strong></span> <span class='ocrx_word' id='word_1_7' title='bbox 510 403 564 462; x_wconf 92' lang='lat' dir='ltr'><strong>iam</strong></span> <span class='ocrx_word' id='word_1_8' title='bbox 587 403 670 464; x_wconf 91' lang='lat' dir='ltr'><strong>turba</strong></span> <span class='ocrx_word' id='word_1_9' title='bbox 690 407 839 482; x_wconf 79' lang='lat' dir='ltr'>peregerit</span> <span class='ocrx_word' id='word_1_10' title='bbox 863 402 963 462; x_wconf 91' lang='lat' dir='ltr'><strong>orbem</strong></span> 
     </span>
    </p>

    <p class='ocr_par' dir='ltr' id='par_1_3' title="bbox 241 483 960 566">
     <span class='ocr_line' id='line_1_3' title="bbox 241 483 960 566; baseline -0.001 -21"><span class='ocrx_word' id='word_1_11' title='bbox 241 483 390 545; x_wconf 81' lang='lat' dir='ltr'>Sideribus</span> <span class='ocrx_word' id='word_1_12' title='bbox 413 484 505 544; x_wconf 92' lang='lat' dir='ltr'><strong>dubiis</strong></span> <span class='ocrx_word' id='word_1_13' title='bbox 531 495 578 545; x_wconf 89' lang='lat' dir='ltr'><strong>aut</strong></span> <span class='ocrx_word' id='word_1_14' title='bbox 600 487 651 546; x_wconf 95' lang='lat' dir='ltr'><strong>illo</strong></span> <span class='ocrx_word' id='word_1_15' title='bbox 674 496 821 566; x_wconf 90' lang='lat' dir='ltr'><strong>tempore,</strong></span> <span class='ocrx_word' id='word_1_16' title='bbox 846 502 904 564; x_wconf 94' lang='lat' dir='ltr'><strong>quo</strong></span> <span class='ocrx_word' id='word_1_17' title='bbox 927 504 960 544; x_wconf 88' lang='lat' dir='ltr'><strong>se</strong></span> 
     </span>
    </p>

    <p class='ocr_par' dir='ltr' id='par_1_4' title="bbox 240 563 960 648">
     <span class='ocr_line' id='line_1_4' title="bbox 240 563 960 648; baseline 0 -20"><span class='ocrx_word' id='word_1_18' title='bbox 240 563 356 645; x_wconf 66' lang='lat' dir='ltr'><strong>attigua</strong></span> <span class='ocrx_word' id='word_1_19' title='bbox 378 568 577 646; x_wconf 75' lang='lat' dir='ltr'><strong>circumagunt</strong></span> <span class='ocrx_word' id='word_1_20' title='bbox 599 572 674 648; x_wconf 79' lang='lat' dir='ltr'><strong>pigri</strong></span> <span class='ocrx_word' id='word_1_21' title='bbox 699 588 816 632; x_wconf 89' lang='lat' dir='ltr'><strong>serraca</strong></span> <span class='ocrx_word' id='word_1_22' title='bbox 839 569 960 629; x_wconf 87' lang='lat' dir='ltr'><strong>Bootae.</strong></span> 
     </span>
    </p>

    <p class='ocr_par' dir='ltr' id='par_1_5' title="bbox 240 651 1063 813">
     <span class='ocr_line' id='line_1_5' title="bbox 242 651 1063 732; baseline 0.005 -22"><span class='ocrx_word' id='word_1_23' title='bbox 242 651 341 725; x_wconf 80' lang='lat' dir='ltr'><strong>Qualis</strong></span> <span class='ocrx_word' id='word_1_24' title='bbox 365 668 457 712; x_wconf 90' lang='lat' dir='ltr'><strong>coena</strong></span> <span class='ocrx_word' id='word_1_25' title='bbox 480 651 595 712; x_wconf 80' lang='lat' dir='ltr'><strong>tamen?</strong></span> <span class='ocrx_word' id='word_1_26' title='bbox 612 656 723 729; x_wconf 90' lang='lat' dir='ltr'><strong>vinum,</strong></span> <span class='ocrx_word' id='word_1_27' title='bbox 752 653 829 732; x_wconf 94' lang='lat' dir='ltr'><strong>quod</strong></span> <span class='ocrx_word' id='word_1_28' title='bbox 852 653 970 713; x_wconf 88' lang='lat' dir='ltr'><strong>succida</strong></span> <span class='ocrx_word' id='word_1_29' title='bbox 992 655 1063 714; x_wconf 89' lang='lat' dir='ltr'><strong>nolit</strong></span> 
     </span>
     <span class='ocr_line' id='line_1_6' title="bbox 240 734 942 813; baseline -0.001 -19"><span class='ocrx_word' id='word_1_30' title='bbox 240 735 409 813; x_wconf 79' lang='lat' dir='ltr'><strong>lampati:</strong></span> <span class='ocrx_word' id='word_1_31' title='bbox 433 734 469 794; x_wconf 91' lang='lat' dir='ltr'><strong>de</strong></span> <span class='ocrx_word' id='word_1_32' title='bbox 491 737 612 796; x_wconf 89' lang='lat' dir='ltr'><strong>conviva</strong></span> <span class='ocrx_word' id='word_1_33' title='bbox 631 735 796 811; x_wconf 78' lang='lat' dir='ltr'><strong>Corybanta</strong></span> <span class='ocrx_word' id='word_1_34' title='bbox 819 735 942 796; x_wconf 87' lang='lat' dir='ltr'><strong>videbis.</strong></span> 
     </span>
    </p>

    <p class='ocr_par' dir='ltr' id='par_1_6' title="bbox 239 818 1014 898">
     <span class='ocr_line' id='line_1_7' title="bbox 239 818 1014 898; baseline 0.004 -21"><span class='ocrx_word' id='word_1_35' title='bbox 239 819 335 896; x_wconf 79' lang='lat' dir='ltr'><strong>Iurgia</strong></span> <span class='ocrx_word' id='word_1_36' title='bbox 356 818 524 896; x_wconf 88' lang='lat' dir='ltr'><strong>proludunt;</strong></span> <span class='ocrx_word' id='word_1_37' title='bbox 549 819 602 878; x_wconf 88' lang='lat' dir='ltr'><strong>sed</strong></span> <span class='ocrx_word' id='word_1_38' title='bbox 624 837 691 878; x_wconf 90' lang='lat' dir='ltr'><strong>mox</strong></span> <span class='ocrx_word' id='word_1_39' title='bbox 715 829 744 879; x_wconf 90' lang='lat' dir='ltr'><strong>et</strong></span> <span class='ocrx_word' id='word_1_40' title='bbox 766 820 873 898; x_wconf 92' lang='lat' dir='ltr'><strong>pocula</strong></span> <span class='ocrx_word' id='word_1_41' title='bbox 895 829 1014 898; x_wconf 85' lang='lat' dir='ltr'><strong>torques</strong></span> 
     </span>
    </p>

    <p class='ocr_par' dir='ltr' id='par_1_7' title="bbox 240 901 957 981">
     <span class='ocr_line' id='line_1_8' title="bbox 240 901 957 981; baseline 0.004 -20"><span class='ocrx_word' id='word_1_42' title='bbox 240 903 361 961; x_wconf 79' lang='lat' dir='ltr'><strong>Saucius</strong></span> <span class='ocrx_word' id='word_1_43' title='bbox 386 911 416 960; x_wconf 88' lang='lat' dir='ltr'><strong>et</strong></span> <span class='ocrx_word' id='word_1_44' title='bbox 437 901 523 961; x_wconf 92' lang='lat' dir='ltr'><strong>rubra</strong></span> <span class='ocrx_word' id='word_1_45' title='bbox 543 901 680 979; x_wconf 84' lang='lat' dir='ltr'><strong>deterges</strong></span> <span class='ocrx_word' id='word_1_46' title='bbox 703 904 823 964; x_wconf 88' lang='lat' dir='ltr'><strong>vulnera</strong></span> <span class='ocrx_word' id='word_1_47' title='bbox 844 921 957 981; x_wconf 87' lang='lat' dir='ltr'><strong>mappa,</strong></span> 
     </span>
    </p>

    <p class='ocr_par' dir='ltr' id='par_1_8' title="bbox 239 985 949 1065">
     <span class='ocr_line' id='line_1_9' title="bbox 239 985 949 1065; baseline 0.004 -22"><span class='ocrx_word' id='word_1_48' title='bbox 239 986 316 1044; x_wconf 90' lang='lat' dir='ltr'><strong>luter</strong></span> <span class='ocrx_word' id='word_1_49' title='bbox 337 1001 390 1043; x_wconf 92' lang='lat' dir='ltr'><strong>vos</strong></span> <span class='ocrx_word' id='word_1_50' title='bbox 414 986 528 1062; x_wconf 90' lang='lat' dir='ltr'><strong>quoties</strong></span> <span class='ocrx_word' id='word_1_51' title='bbox 550 985 776 1065; x_wconf 87' lang='lat' dir='ltr'><strong>libertorumque</strong></span> <span class='ocrx_word' id='word_1_52' title='bbox 800 987 949 1047; x_wconf 88' lang='lat' dir='ltr'><strong>cohortem</strong></span> 
     </span>
    </p>

    <p class='ocr_par' dir='ltr' id='par_1_9' title="bbox 239 1068 942 1148">
     <span class='ocr_line' id='line_1_10' title="bbox 239 1068 942 1148; baseline 0.001 -21"><span class='ocrx_word' id='word_1_53' title='bbox 239 1069 335 1145; x_wconf 79' lang='lat' dir='ltr'><strong>Pugna</strong></span> <span class='ocrx_word' id='word_1_54' title='bbox 358 1068 514 1144; x_wconf 81' lang='lat' dir='ltr'><strong>Saguntina</strong></span> <span class='ocrx_word' id='word_1_55' title='bbox 536 1069 632 1128; x_wconf 87' lang='lat' dir='ltr'><strong>fervet</strong></span> <span class='ocrx_word' id='word_1_56' title='bbox 654 1073 807 1132; x_wconf 90' lang='lat' dir='ltr'><strong>commissa</strong></span> <span class='ocrx_word' id='word_1_57' title='bbox 829 1071 942 1148; x_wconf 78' lang='lat' dir='ltr'><strong>lagona.</strong></span> 
     </span>
    </p>

    <p class='ocr_par' dir='ltr' id='par_1_10' title="bbox 238 1150 868 1233">
     <span class='ocr_line' id='line_1_11' title="bbox 238 1150 868 1233; baseline 0.006 -23"><span class='ocrx_word' id='word_1_58' title='bbox 238 1151 306 1229; x_wconf 87' lang='lat' dir='ltr'><strong>Ipse</strong></span> <span class='ocrx_word' id='word_1_59' title='bbox 329 1150 465 1229; x_wconf 87' lang='lat' dir='ltr'><strong>capillato</strong></span> <span class='ocrx_word' id='word_1_60' title='bbox 490 1152 622 1212; x_wconf 86' lang='lat' dir='ltr'><strong>diffusum</strong></span> <span class='ocrx_word' id='word_1_61' title='bbox 644 1154 764 1214; x_wconf 89' lang='lat' dir='ltr'><strong>consule</strong></span> <span class='ocrx_word' id='word_1_62' title='bbox 786 1164 868 1233; x_wconf 90' lang='lat' dir='ltr'><strong>potat</strong></span> 
     </span>
    </p>

    <p class='ocr_par' dir='ltr' id='par_1_11' title="bbox 239 1233 952 1314">
     <span class='ocr_line' id='line_1_12' title="bbox 239 1233 952 1314; baseline 0.008 -22"><span class='ocrx_word' id='word_1_63' title='bbox 239 1233 444 1311; x_wconf 84' lang='lat' dir='ltr'><strong>Calcatamque</strong></span> <span class='ocrx_word' id='word_1_64' title='bbox 468 1244 547 1304; x_wconf 84' lang='lat' dir='ltr'><strong>tenet</strong></span> <span class='ocrx_word' id='word_1_65' title='bbox 569 1235 656 1296; x_wconf 90' lang='lat' dir='ltr'><strong>bellis</strong></span> <span class='ocrx_word' id='word_1_66' title='bbox 678 1238 835 1298; x_wconf 82' lang='lat' dir='ltr'><strong>socialibus</strong></span> <span class='ocrx_word' id='word_1_67' title='bbox 858 1256 952 1314; x_wconf 87' lang='lat' dir='ltr'><strong>uvam,</strong></span> 
     </span>
    </p>

    <p class='ocr_par' dir='ltr' id='par_1_12' title="bbox 238 1316 1001 1396">
     <span class='ocr_line' id='line_1_13' title="bbox 238 1316 1001 1396; baseline 0.008 -20"><span class='ocrx_word' id='word_1_68' title='bbox 238 1316 378 1377; x_wconf 81' lang='lat' dir='ltr'><strong>Gaudiaco</strong></span> <span class='ocrx_word' id='word_1_69' title='bbox 401 1335 553 1396; x_wconf 92' lang='lat' dir='ltr'><strong>numquam</strong></span> <span class='ocrx_word' id='word_1_70' title='bbox 576 1321 709 1395; x_wconf 77' lang='lat' dir='ltr'><strong>cyathum</strong></span> <span class='ocrx_word' id='word_1_71' title='bbox 731 1323 870 1381; x_wconf 86' lang='lat' dir='ltr'><strong>missurus</strong></span> <span class='ocrx_word' id='word_1_72' title='bbox 892 1323 1001 1390; x_wconf 87' lang='lat' dir='ltr'><strong>amiuo;</strong></span> 
     </span>
    </p>

    <p class='ocr_par' dir='ltr' id='par_1_13' title="bbox 238 1399 1040 1482">
     <span class='ocr_line' id='line_1_14' title="bbox 238 1399 1040 1482; baseline 0.007 -22"><span class='ocrx_word' id='word_1_73' title='bbox 238 1401 310 1460; x_wconf 83' lang='lat' dir='ltr'><strong>Grac</strong></span> <span class='ocrx_word' id='word_1_74' title='bbox 333 1399 413 1460; x_wconf 88' lang='lat' dir='ltr'><strong>bibet</strong></span> <span class='ocrx_word' id='word_1_75' title='bbox 434 1400 555 1462; x_wconf 83' lang='lat' dir='ltr'><strong>Albanis</strong></span> <span class='ocrx_word' id='word_1_76' title='bbox 576 1404 683 1482; x_wconf 91' lang='lat' dir='ltr'><strong>aliquid</strong></span> <span class='ocrx_word' id='word_1_77' title='bbox 707 1405 743 1464; x_wconf 89' lang='lat' dir='ltr'><strong>de</strong></span> <span class='ocrx_word' id='word_1_78' title='bbox 765 1404 908 1465; x_wconf 89' lang='lat' dir='ltr'><strong>montibus</strong></span> <span class='ocrx_word' id='word_1_79' title='bbox 933 1414 981 1466; x_wconf 91' lang='lat' dir='ltr'><strong>aut</strong></span> <span class='ocrx_word' id='word_1_80' title='bbox 1003 1406 1040 1466; x_wconf 91' lang='lat' dir='ltr'><strong>de</strong></span> 
     </span>
    </p>

    <p class='ocr_par' dir='ltr' id='par_1_14' title="bbox 236 1484 956 1568">
     <span class='ocr_line' id='line_1_15' title="bbox 236 1484 956 1568; baseline 0.006 -24"><span class='ocrx_word' id='word_1_81' title='bbox 236 1484 361 1560; x_wconf 89' lang='lat' dir='ltr'><strong>Setinis,</strong></span> <span class='ocrx_word' id='word_1_82' title='bbox 386 1485 466 1544; x_wconf 89' lang='lat' dir='ltr'><strong>cuius</strong></span> <span class='ocrx_word' id='word_1_83' title='bbox 488 1489 608 1563; x_wconf 89' lang='lat' dir='ltr'><strong>patriam</strong></span> <span class='ocrx_word' id='word_1_84' title='bbox 630 1489 798 1568; x_wconf 87' lang='lat' dir='ltr'><strong>titulumque</strong></span> <span class='ocrx_word' id='word_1_85' title='bbox 821 1498 956 1548; x_wconf 89' lang='lat' dir='ltr'><strong>senectus</strong></span> 
     </span>
    </p>

    <p class='ocr_par' dir='ltr' id='par_1_15' title="bbox 236 1567 1218 1734">
     <span class='ocr_line' id='line_1_16' title="bbox 236 1567 1218 1648; baseline 0.01 -22"><span class='ocrx_word' id='word_1_86' title='bbox 236 1567 353 1627; x_wconf 88' lang='lat' dir='ltr'><strong>Delcvit</strong></span> <span class='ocrx_word' id='word_1_87' title='bbox 373 1567 461 1628; x_wconf 90' lang='lat' dir='ltr'><strong>multa</strong></span> <span class='ocrx_word' id='word_1_88' title='bbox 483 1572 592 1629; x_wconf 89' lang='lat' dir='ltr'><strong>veteris</strong></span> <span class='ocrx_word' id='word_1_89' title='bbox 615 1571 735 1648; x_wconf 85' lang='lat' dir='ltr'><strong>iuligine</strong></span> <span class='ocrx_word' id='word_1_90' title='bbox 758 1581 863 1648; x_wconf 89' lang='lat' dir='ltr'><strong>testae,</strong></span> <span class='ocrx_word' id='word_1_91' title='bbox 1191 1589 1218 1643; x_wconf 81' lang='lat'><strong>3·</strong></span> 
     </span>
     <span class='ocr_line' id='line_1_17' title="bbox 236 1651 1024 1734; baseline 0.006 -25"><span class='ocrx_word' id='word_1_92' title='bbox 236 1651 329 1724; x_wconf 84' lang='lat' dir='ltr'><strong>Quale</strong></span> <span class='ocrx_word' id='word_1_93' title='bbox 353 1653 483 1712; x_wconf 88' lang='lat' dir='ltr'><strong>coronati</strong></span> <span class='ocrx_word' id='word_1_94' title='bbox 506 1651 634 1714; x_wconf 82' lang='lat' dir='ltr'><strong>Thrasea</strong></span> <span class='ocrx_word' id='word_1_95' title='bbox 657 1654 865 1734; x_wconf 82' lang='lat' dir='ltr'><strong>Helvidiusque</strong></span> <span class='ocrx_word' id='word_1_96' title='bbox 887 1654 1024 1715; x_wconf 88' lang='lat' dir='ltr'><strong>bibebant</strong></span> 
     </span>
    </p>

    <p class='ocr_par' dir='ltr' id='par_1_16' title="bbox 235 1732 977 1817">
     <span class='ocr_line' id='line_1_18' title="bbox 235 1732 977 1817; baseline 0.008 -25"><span class='ocrx_word' id='word_1_97' title='bbox 235 1734 384 1794; x_wconf 87' lang='lat' dir='ltr'><strong>Brutorum</strong></span> <span class='ocrx_word' id='word_1_98' title='bbox 407 1744 437 1795; x_wconf 90' lang='lat' dir='ltr'><strong>et</strong></span> <span class='ocrx_word' id='word_1_99' title='bbox 459 1732 542 1796; x_wconf 81' lang='lat' dir='ltr'><strong>Cassi</strong></span> <span class='ocrx_word' id='word_1_100' title='bbox 564 1738 715 1797; x_wconf 90' lang='lat' dir='ltr'><strong>natalibus.</strong></span> <span class='ocrx_word' id='word_1_101' title='bbox 760 1738 828 1816; x_wconf 91' lang='lat' dir='ltr'><strong>Ipse</strong></span> <span class='ocrx_word' id='word_1_102' title='bbox 851 1756 977 1817; x_wconf 87' lang='lat' dir='ltr'><strong>capaces</strong></span> 
     </span>
    </p>

    <p class='ocr_par' dir='ltr' id='par_1_17' title="bbox 234 1817 895 1900">
     <span class='ocr_line' id='line_1_19' title="bbox 234 1817 895 1900; baseline 0.008 -24"><span class='ocrx_word' id='word_1_103' title='bbox 234 1817 383 1877; x_wconf 90' lang='lat' dir='ltr'><strong>Heliadum</strong></span> <span class='ocrx_word' id='word_1_104' title='bbox 406 1829 518 1879; x_wconf 88' lang='lat' dir='ltr'><strong>crustas</strong></span> <span class='ocrx_word' id='word_1_105' title='bbox 540 1829 569 1880; x_wconf 89' lang='lat' dir='ltr'><strong>et</strong></span> <span class='ocrx_word' id='word_1_106' title='bbox 589 1822 757 1900; x_wconf 90' lang='lat' dir='ltr'><strong>inaequales</strong></span> <span class='ocrx_word' id='word_1_107' title='bbox 780 1821 895 1898; x_wconf 82' lang='lat' dir='ltr'><strong>beryllo</strong></span> 
     </span>
    </p>

    <p class='ocr_par' dir='ltr' id='par_1_18' title="bbox 233 1901 1063 1980">
     <span class='ocr_line' id='line_1_20' title="bbox 233 1901 1063 1980; baseline 0.004 -21"><span class='ocrx_word' id='word_1_108' title='bbox 233 1901 319 1960; x_wconf 91' lang='lat' dir='ltr'><strong>Virro</strong></span> <span class='ocrx_word' id='word_1_109' title='bbox 340 1910 421 1962; x_wconf 88' lang='lat' dir='ltr'><strong>tenet</strong></span> <span class='ocrx_word' id='word_1_110' title='bbox 443 1902 568 1980; x_wconf 88' lang='lat' dir='ltr'><strong>phialas:</strong></span> <span class='ocrx_word' id='word_1_111' title='bbox 593 1904 645 1964; x_wconf 91' lang='lat' dir='ltr'><strong>tibi</strong></span> <span class='ocrx_word' id='word_1_112' title='bbox 666 1922 723 1964; x_wconf 95' lang='lat' dir='ltr'><strong>non</strong></span> <span class='ocrx_word' id='word_1_113' title='bbox 748 1908 930 1966; x_wconf 88' lang='lat' dir='ltr'><strong>committitur</strong></span> <span class='ocrx_word' id='word_1_114' title='bbox 952 1921 1063 1972; x_wconf 84' lang='lat' dir='ltr'><strong>aumm;</strong></span> 
     </span>
    </p>

    <p class='ocr_par' dir='ltr' id='par_1_19' title="bbox 233 1984 1217 2150">
     <span class='ocr_line' id='line_1_21' title="bbox 233 1984 1217 2064; baseline 0.007 -20"><span class='ocrx_word' id='word_1_115' title='bbox 233 1984 305 2062; x_wconf 88' lang='lat' dir='ltr'><strong>Vel,</strong></span> <span class='ocrx_word' id='word_1_116' title='bbox 329 1987 353 2045; x_wconf 90' lang='lat' dir='ltr'><strong>si</strong></span> <span class='ocrx_word' id='word_1_117' title='bbox 379 1987 493 2064; x_wconf 91' lang='lat' dir='ltr'><strong>quando</strong></span> <span class='ocrx_word' id='word_1_118' title='bbox 514 1987 611 2064; x_wconf 89' lang='lat' dir='ltr'><strong>datur,</strong></span> <span class='ocrx_word' id='word_1_119' title='bbox 636 1997 734 2048; x_wconf 88' lang='lat' dir='ltr'><strong>custos</strong></span> <span class='ocrx_word' id='word_1_120' title='bbox 755 1991 859 2050; x_wconf 83' lang='lat' dir='ltr'><strong>allinus</strong></span> <span class='ocrx_word' id='word_1_121' title='bbox 878 1990 993 2063; x_wconf 88' lang='lat' dir='ltr'><strong>ibidem,</strong></span> <span class='ocrx_word' id='word_1_122' title='bbox 1186 2011 1217 2058; x_wconf 79' lang='grc' dir='ltr'><strong>4ι</strong></span> 
     </span>
     <span class='ocr_line' id='line_1_22' title="bbox 234 2068 1035 2150; baseline 0.002 -23"><span class='ocrx_word' id='word_1_123' title='bbox 234 2068 289 2141; x_wconf 83' lang='lat' dir='ltr'><strong>Qui</strong></span> <span class='ocrx_word' id='word_1_124' title='bbox 308 2080 439 2130; x_wconf 88' lang='lat' dir='ltr'><strong>numeret</strong></span> <span class='ocrx_word' id='word_1_125' title='bbox 461 2089 607 2148; x_wconf 77' lang='lat' dir='ltr'><strong>gemmas,</strong></span> <span class='ocrx_word' id='word_1_126' title='bbox 631 2090 743 2150; x_wconf 81' lang='lat' dir='ltr'><strong>ungues</strong></span> <span class='ocrx_word' id='word_1_127' title='bbox 767 2074 905 2134; x_wconf 86' lang='lat' dir='ltr'><strong>observet</strong></span> <span class='ocrx_word' id='word_1_128' title='bbox 926 2081 1035 2133; x_wconf 89' lang='lat' dir='ltr'><strong>acutos.</strong></span> 
     </span>
    </p>

    <p class='ocr_par' dir='ltr' id='par_1_20' title="bbox 233 2150 941 2236">
     <span class='ocr_line' id='line_1_23' title="bbox 233 2150 941 2236; baseline 0.004 -26"><span class='ocrx_word' id='word_1_129' title='bbox 233 2150 275 2210; x_wconf 86' lang='lat' dir='ltr'><strong>Da</strong></span> <span class='ocrx_word' id='word_1_130' title='bbox 297 2154 428 2213; x_wconf 82' lang='lat' dir='ltr'><strong>veniam:</strong></span> <span class='ocrx_word' id='word_1_131' title='bbox 451 2155 604 2231; x_wconf 87' lang='lat' dir='ltr'><strong>praeclara</strong></span> <span class='ocrx_word' id='word_1_132' title='bbox 625 2155 667 2214; x_wconf 93' lang='lat' dir='ltr'><strong>illi</strong></span> <span class='ocrx_word' id='word_1_133' title='bbox 689 2156 821 2218; x_wconf 84' lang='lat' dir='ltr'><strong>laudatur</strong></span> <span class='ocrx_word' id='word_1_134' title='bbox 842 2159 941 2236; x_wconf 90' lang='lat' dir='ltr'><strong>iaspis.</strong></span> 
     </span>
    </p>

    <p class='ocr_par' dir='ltr' id='par_1_21' title="bbox 231 2233 1096 2319">
     <span class='ocr_line' id='line_1_24' title="bbox 231 2233 1096 2319; baseline 0.007 -26"><span class='ocrx_word' id='word_1_135' title='bbox 231 2233 302 2294; x_wconf 89' lang='lat' dir='ltr'><strong>Nam</strong></span> <span class='ocrx_word' id='word_1_136' title='bbox 327 2235 431 2312; x_wconf 88' lang='lat' dir='ltr'><strong>Virro,</strong></span> <span class='ocrx_word' id='word_1_137' title='bbox 454 2246 485 2295; x_wconf 95' lang='lat' dir='ltr'><strong>ut</strong></span> <span class='ocrx_word' id='word_1_138' title='bbox 506 2237 602 2313; x_wconf 93' lang='lat' dir='ltr'><strong>multi,</strong></span> <span class='ocrx_word' id='word_1_139' title='bbox 625 2257 753 2315; x_wconf 81' lang='lat' dir='ltr'><strong>gemmas</strong></span> <span class='ocrx_word' id='word_1_140' title='bbox 775 2242 810 2302; x_wconf 92' lang='lat' dir='ltr'><strong>ad</strong></span> <span class='ocrx_word' id='word_1_141' title='bbox 831 2240 937 2319; x_wconf 90' lang='lat' dir='ltr'><strong>pocula</strong></span> <span class='ocrx_word' id='word_1_142' title='bbox 959 2238 1096 2299; x_wconf 85' lang='lat' dir='ltr'><strong>transfert</strong></span> 
     </span>
    </p>

    <p class='ocr_par' dir='ltr' id='par_1_22' title="bbox 232 2317 937 2398">
     <span class='ocr_line' id='line_1_25' title="bbox 232 2317 937 2398; baseline 0.004 -22"><span class='ocrx_word' id='word_1_143' title='bbox 232 2317 257 2376; x_wconf 83' lang='grc' dir='ltr'>Α</span> <span class='ocrx_word' id='word_1_144' title='bbox 279 2317 392 2395; x_wconf 82' lang='lat' dir='ltr'><strong>digitis,</strong></span> <span class='ocrx_word' id='word_1_145' title='bbox 416 2336 488 2398; x_wconf 88' lang='lat' dir='ltr'><strong>quas</strong></span> <span class='ocrx_word' id='word_1_146' title='bbox 511 2323 539 2379; x_wconf 95' lang='lat' dir='ltr'><strong>in</strong></span> <span class='ocrx_word' id='word_1_147' title='bbox 560 2323 681 2398; x_wconf 84' lang='lat' dir='ltr'><strong>vaginae</strong></span> <span class='ocrx_word' id='word_1_148' title='bbox 705 2325 800 2384; x_wconf 84' lang='lat' dir='ltr'><strong>fronte</strong></span> <span class='ocrx_word' id='word_1_149' title='bbox 823 2324 937 2384; x_wconf 92' lang='lat' dir='ltr'><strong>solebat</strong></span> 
     </span>
    </p>

    <p class='ocr_par' dir='ltr' id='par_1_23' title="bbox 231 2401 947 2485">
     <span class='ocr_line' id='line_1_26' title="bbox 231 2401 947 2485; baseline 0.01 -26"><span class='ocrx_word' id='word_1_150' title='bbox 231 2401 343 2460; x_wconf 89' lang='lat' dir='ltr'><strong>Ponere</strong></span> <span class='ocrx_word' id='word_1_151' title='bbox 365 2401 505 2481; x_wconf 83' lang='lat' dir='ltr'><strong>zelotypo</strong></span> <span class='ocrx_word' id='word_1_152' title='bbox 527 2405 638 2464; x_wconf 88' lang='lat' dir='ltr'><strong>iuvenis</strong></span> <span class='ocrx_word' id='word_1_153' title='bbox 663 2409 809 2485; x_wconf 87' lang='lat' dir='ltr'><strong>praelatus</strong></span> <span class='ocrx_word' id='word_1_154' title='bbox 828 2405 947 2468; x_wconf 89' lang='lat' dir='ltr'><strong>Iarbae:</strong></span> 
     </span>
    </p>

    <p class='ocr_par' dir='ltr' id='par_1_24' title="bbox 230 2483 918 2551">
     <span class='ocr_line' id='line_1_27' title="bbox 230 2483 918 2551; baseline 0.007 -9"><span class='ocrx_word' id='word_1_155' title='bbox 230 2483 272 2542; x_wconf 79' lang='lat' dir='ltr'><strong>&#39;l&#39;u</strong></span> <span class='ocrx_word' id='word_1_156' title='bbox 294 2484 491 2546; x_wconf 87' lang='lat' dir='ltr'><strong>Beneventani</strong></span> <span class='ocrx_word' id='word_1_157' title='bbox 512 2490 619 2548; x_wconf 91' lang='lat' dir='ltr'><strong>sutoris</strong></span> <span class='ocrx_word' id='word_1_158' title='bbox 641 2508 745 2551; x_wconf 91' lang='lat' dir='ltr'><strong>nomen</strong></span> <span class='ocrx_word' id='word_1_159' title='bbox 766 2490 918 2551; x_wconf 89' lang='lat' dir='ltr'><strong>habentem</strong></span> 
     </span>
    </p>

    <p class='ocr_par' dir='ltr' id='par_1_25' title="bbox 230 2567 955 2653">
     <span class='ocr_line' id='line_1_28' title="bbox 230 2567 955 2653; baseline 0.006 -27"><span class='ocrx_word' id='word_1_160' title='bbox 230 2567 361 2628; x_wconf 87' lang='lat' dir='ltr'><strong>Siccabis</strong></span> <span class='ocrx_word' id='word_1_161' title='bbox 386 2569 507 2630; x_wconf 87' lang='lat' dir='ltr'><strong>calicem</strong></span> <span class='ocrx_word' id='word_1_162' title='bbox 528 2589 662 2633; x_wconf 88' lang='lat' dir='ltr'><strong>nasorum</strong></span> <span class='ocrx_word' id='word_1_163' title='bbox 686 2585 819 2653; x_wconf 90' lang='lat' dir='ltr'><strong>quattuor</strong></span> <span class='ocrx_word' id='word_1_164' title='bbox 842 2592 877 2634; x_wconf 89' lang='lat' dir='ltr'><strong>ac</strong></span> <span class='ocrx_word' id='word_1_165' title='bbox 901 2575 955 2632; x_wconf 90' lang='lat' dir='ltr'><strong>iam</strong></span> 
     </span>
    </p>

    <p class='ocr_par' dir='ltr' id='par_1_26' title="bbox 228 2651 995 2734">
     <span class='ocr_line' id='line_1_29' title="bbox 228 2651 995 2734; baseline 0.008 -25"><span class='ocrx_word' id='word_1_166' title='bbox 228 2651 403 2723; x_wconf 79' lang='lat' dir='ltr'><strong>Quassatum</strong></span> <span class='ocrx_word' id='word_1_167' title='bbox 426 2662 455 2712; x_wconf 90' lang='lat' dir='ltr'><strong>et</strong></span> <span class='ocrx_word' id='word_1_168' title='bbox 477 2665 561 2733; x_wconf 90' lang='lat' dir='ltr'><strong>rupto</strong></span> <span class='ocrx_word' id='word_1_169' title='bbox 585 2668 755 2734; x_wconf 90' lang='lat' dir='ltr'><strong>poscentem</strong></span> <span class='ocrx_word' id='word_1_170' title='bbox 778 2656 888 2716; x_wconf 83' lang='lat' dir='ltr'><strong>sulfura</strong></span> <span class='ocrx_word' id='word_1_171' title='bbox 910 2659 995 2716; x_wconf 85' lang='lat' dir='ltr'><strong>vitro.</strong></span> 
     </span>
    </p>

    <p class='ocr_par' dir='ltr' id='par_1_27' title="bbox 229 2735 999 2818">
     <span class='ocr_line' id='line_1_30' title="bbox 229 2735 999 2818; baseline 0.006 -25"><span class='ocrx_word' id='word_1_172' title='bbox 229 2735 259 2793; x_wconf 89' lang='lat' dir='ltr'><strong>Si</strong></span> <span class='ocrx_word' id='word_1_173' title='bbox 282 2735 448 2796; x_wconf 88' lang='lat' dir='ltr'><strong>stomachus</strong></span> <span class='ocrx_word' id='word_1_174' title='bbox 470 2737 575 2799; x_wconf 93' lang='lat' dir='ltr'><strong>domini</strong></span> <span class='ocrx_word' id='word_1_175' title='bbox 597 2741 692 2800; x_wconf 82' lang='lat' dir='ltr'><strong>fervet</strong></span> <span class='ocrx_word' id='word_1_176' title='bbox 713 2743 838 2818; x_wconf 87' lang='lat' dir='ltr'><strong>vinoque</strong></span> <span class='ocrx_word' id='word_1_177' title='bbox 863 2739 999 2818; x_wconf 88' lang='lat' dir='ltr'><strong>ciboque,</strong></span> 
     </span>
    </p>

    <p class='ocr_par' dir='ltr' id='par_1_28' title="bbox 228 2816 1217 2985">
     <span class='ocr_line' id='line_1_31' title="bbox 228 2816 1217 2903; baseline 0.016 -27"><span class='ocrx_word' id='word_1_178' title='bbox 228 2816 372 2895; x_wconf 77' lang='lat' dir='ltr'><strong>Frigidior</strong></span> <span class='ocrx_word' id='word_1_179' title='bbox 393 2818 501 2882; x_wconf 82' lang='lat' dir='ltr'><strong>Geticis</strong></span> <span class='ocrx_word' id='word_1_180' title='bbox 525 2825 633 2903; x_wconf 89' lang='lat' dir='ltr'><strong>petitur</strong></span> <span class='ocrx_word' id='word_1_181' title='bbox 654 2824 776 2884; x_wconf 88' lang='lat' dir='ltr'><strong>decocta</strong></span> <span class='ocrx_word' id='word_1_182' title='bbox 798 2825 923 2901; x_wconf 89' lang='lat' dir='ltr'><strong>pruinis:</strong></span> <span class='ocrx_word' id='word_1_183' title='bbox 1182 2841 1217 2892; x_wconf 79' lang='lat'><strong>50</strong></span> 
     </span>
     <span class='ocr_line' id='line_1_32' title="bbox 228 2900 980 2985; baseline 0.008 -25"><span class='ocrx_word' id='word_1_184' title='bbox 228 2900 292 2960; x_wconf 91' lang='lat' dir='ltr'><strong>Non</strong></span> <span class='ocrx_word' id='word_1_185' title='bbox 312 2902 413 2962; x_wconf 87' lang='lat' dir='ltr'><strong>eadem</strong></span> <span class='ocrx_word' id='word_1_186' title='bbox 435 2905 519 2965; x_wconf 89' lang='lat' dir='ltr'><strong>vobis</strong></span> <span class='ocrx_word' id='word_1_187' title='bbox 541 2909 609 2985; x_wconf 95' lang='lat' dir='ltr'><strong>poni</strong></span> <span class='ocrx_word' id='word_1_188' title='bbox 631 2907 716 2967; x_wconf 89' lang='lat' dir='ltr'><strong>modo</strong></span> <span class='ocrx_word' id='word_1_189' title='bbox 738 2909 802 2966; x_wconf 90' lang='lat' dir='ltr'><strong>vina</strong></span> <span class='ocrx_word' id='word_1_190' title='bbox 815 2904 980 2985; x_wconf 78' lang='lat' dir='ltr'><strong>querebar?</strong></span> 
     </span>
    </p>

    <p class='ocr_par' dir='ltr' id='par_1_29' title="bbox 229 2985 1019 3069">
     <span class='ocr_line' id='line_1_33' title="bbox 229 2985 1019 3069; baseline 0.009 -26"><span class='ocrx_word' id='word_1_191' title='bbox 229 2985 287 3044; x_wconf 89' lang='lat' dir='ltr'><strong>Vos</strong></span> <span class='ocrx_word' id='word_1_192' title='bbox 313 2986 397 3047; x_wconf 92' lang='lat' dir='ltr'><strong>aliam</strong></span> <span class='ocrx_word' id='word_1_193' title='bbox 415 2992 521 3068; x_wconf 88' lang='lat' dir='ltr'><strong>potatis</strong></span> <span class='ocrx_word' id='word_1_194' title='bbox 547 3009 658 3069; x_wconf 91' lang='lat' dir='ltr'><strong>aquam.</strong></span> <span class='ocrx_word' id='word_1_195' title='bbox 704 2989 767 3050; x_wconf 86' lang='lat' dir='ltr'><strong>Tibi</strong></span> <span class='ocrx_word' id='word_1_196' title='bbox 789 2991 896 3068; x_wconf 92' lang='lat' dir='ltr'><strong>pocula</strong></span> <span class='ocrx_word' id='word_1_197' title='bbox 916 3007 1019 3050; x_wconf 87' lang='lat' dir='ltr'><strong>cursor</strong></span> 
     </span>
    </p>

    <p class='ocr_par' dir='ltr' id='par_1_30' title="bbox 227 3068 984 3150">
     <span class='ocr_line' id='line_1_34' title="bbox 227 3068 984 3150; baseline 0.008 -23"><span class='ocrx_word' id='word_1_198' title='bbox 227 3068 363 3130; x_wconf 83' lang='lat' dir='ltr'><strong>Gaetulus</strong></span> <span class='ocrx_word' id='word_1_199' title='bbox 388 3071 465 3132; x_wconf 92' lang='lat' dir='ltr'><strong>dabit</strong></span> <span class='ocrx_word' id='word_1_200' title='bbox 488 3083 535 3133; x_wconf 90' lang='lat' dir='ltr'><strong>aut</strong></span> <span class='ocrx_word' id='word_1_201' title='bbox 557 3077 630 3150; x_wconf 79' lang='lat' dir='ltr'><strong>nigri</strong></span> <span class='ocrx_word' id='word_1_202' title='bbox 653 3091 751 3133; x_wconf 88' lang='lat' dir='ltr'><strong>manus</strong></span> <span class='ocrx_word' id='word_1_203' title='bbox 774 3091 861 3135; x_wconf 88' lang='lat' dir='ltr'><strong>ossea</strong></span> <span class='ocrx_word' id='word_1_204' title='bbox 882 3073 984 3150; x_wconf 85' lang='lat' dir='ltr'><strong>blauri,</strong></span> 
     </span>
    </p>

    <p class='ocr_par' dir='ltr' id='par_1_31' title="bbox 226 3150 977 3234">
     <span class='ocr_line' id='line_1_35' title="bbox 226 3150 977 3234; baseline 0.011 -24"><span class='ocrx_word' id='word_1_205' title='bbox 226 3150 263 3210; x_wconf 87' lang='lat' dir='ltr'><strong>Et</strong></span> <span class='ocrx_word' id='word_1_206' title='bbox 286 3154 332 3212; x_wconf 91' lang='lat' dir='ltr'><strong>cui</strong></span> <span class='ocrx_word' id='word_1_207' title='bbox 355 3173 409 3234; x_wconf 88' lang='lat' dir='ltr'><strong>per</strong></span> <span class='ocrx_word' id='word_1_208' title='bbox 429 3157 552 3217; x_wconf 91' lang='lat' dir='ltr'><strong>mediam</strong></span> <span class='ocrx_word' id='word_1_209' title='bbox 575 3157 649 3217; x_wconf 92' lang='lat' dir='ltr'><strong>nolis</strong></span> <span class='ocrx_word' id='word_1_210' title='bbox 674 3174 830 3217; x_wconf 88' lang='lat' dir='ltr'><strong>occurrere</strong></span> <span class='ocrx_word' id='word_1_211' title='bbox 851 3168 977 3233; x_wconf 90' lang='lat' dir='ltr'><strong>noctem,</strong></span> 
     </span>
    </p>

    <p class='ocr_par' dir='ltr' id='par_1_32' title="bbox 226 3233 1211 3319">
     <span class='ocr_line' id='line_1_36' title="bbox 226 3233 1211 3319; baseline 0.011 -24"><span class='ocrx_word' id='word_1_212' title='bbox 226 3233 363 3299; x_wconf 83' lang='lat' dir='ltr'><strong>Glivosae</strong></span> <span class='ocrx_word' id='word_1_213' title='bbox 385 3239 503 3299; x_wconf 86' lang='lat' dir='ltr'><strong>veheris</strong></span> <span class='ocrx_word' id='word_1_214' title='bbox 524 3241 589 3300; x_wconf 93' lang='lat' dir='ltr'><strong>dum</strong></span> <span class='ocrx_word' id='word_1_215' title='bbox 612 3259 665 3319; x_wconf 92' lang='lat' dir='ltr'><strong>per</strong></span> <span class='ocrx_word' id='word_1_216' title='bbox 686 3252 866 3304; x_wconf 91' lang='lat' dir='ltr'><strong>monumenta</strong></span> <span class='ocrx_word' id='word_1_217' title='bbox 889 3241 1021 3303; x_wconf 86' lang='lat' dir='ltr'><strong>Latinae:</strong></span> <span class='ocrx_word' id='word_1_218' title='bbox 1177 3256 1211 3306; x_wconf 75' lang='lat'><strong>55</strong></span> 
     </span>
    </p>
   </div>
   <div class='ocr_carea' id='block_1_3' title="bbox 225 3316 1025 3572">
    <p class='ocr_par' dir='ltr' id='par_1_33' title="bbox 225 3316 1025 3572">
     <span class='ocr_line' id='line_1_37' title="bbox 225 3316 1025 3404; baseline 0.008 -25"><span class='ocrx_word' id='word_1_219' title='bbox 225 3316 295 3379; x_wconf 83' lang='lat' dir='ltr'><strong>Flos</strong></span> <span class='ocrx_word' id='word_1_220' title='bbox 318 3319 409 3382; x_wconf 80' lang='lat' dir='ltr'><strong>Asiae</strong></span> <span class='ocrx_word' id='word_1_221' title='bbox 431 3333 496 3382; x_wconf 90' lang='lat' dir='ltr'><strong>ante</strong></span> <span class='ocrx_word' id='word_1_222' title='bbox 515 3326 624 3401; x_wconf 89' lang='lat' dir='ltr'><strong>ipsum,</strong></span> <span class='ocrx_word' id='word_1_223' title='bbox 646 3327 740 3402; x_wconf 89' lang='lat' dir='ltr'><strong>pretio</strong></span> <span class='ocrx_word' id='word_1_224' title='bbox 763 3328 872 3387; x_wconf 90' lang='lat' dir='ltr'><strong>maiore</strong></span> <span class='ocrx_word' id='word_1_225' title='bbox 895 3336 1025 3404; x_wconf 89' lang='lat' dir='ltr'><strong>paratus,</strong></span> 
     </span>
     <span class='ocr_line' id='line_1_38' title="bbox 225 3402 981 3488; baseline 0.009 -26"><span class='ocrx_word' id='word_1_226' title='bbox 225 3402 315 3476; x_wconf 86' lang='lat' dir='ltr'><strong>Quam</strong></span> <span class='ocrx_word' id='word_1_227' title='bbox 337 3405 390 3464; x_wconf 87' lang='lat' dir='ltr'><strong>luit</strong></span> <span class='ocrx_word' id='word_1_228' title='bbox 412 3415 444 3464; x_wconf 88' lang='lat' dir='ltr'><strong>et</strong></span> <span class='ocrx_word' id='word_1_229' title='bbox 464 3406 539 3466; x_wconf 81' lang='lat' dir='ltr'><strong>&#39;lulli</strong></span> <span class='ocrx_word' id='word_1_230' title='bbox 566 3426 671 3468; x_wconf 90' lang='lat' dir='ltr'><strong>census</strong></span> <span class='ocrx_word' id='word_1_231' title='bbox 693 3412 834 3488; x_wconf 80' lang='lat' dir='ltr'><strong>pugnacis</strong></span> <span class='ocrx_word' id='word_1_232' title='bbox 857 3419 886 3470; x_wconf 89' lang='lat' dir='ltr'><strong>et</strong></span> <span class='ocrx_word' id='word_1_233' title='bbox 907 3410 981 3470; x_wconf 81' lang='lat' dir='ltr'><strong>Anci</strong></span> 
     </span>
     <span class='ocr_line' id='line_1_39' title="bbox 225 3484 996 3572; baseline 0.012 -27"><span class='ocrx_word' id='word_1_234' title='bbox 225 3484 276 3562; x_wconf 81' lang='lat' dir='ltr'><strong>Et,</strong></span> <span class='ocrx_word' id='word_1_235' title='bbox 299 3497 388 3548; x_wconf 91' lang='lat' dir='ltr'><strong>nete</strong></span> <span class='ocrx_word' id='word_1_236' title='bbox 413 3498 542 3566; x_wconf 90' lang='lat' dir='ltr'><strong>teneam,</strong></span> <span class='ocrx_word' id='word_1_237' title='bbox 565 3491 757 3554; x_wconf 84' lang='lat' dir='ltr'><strong>Romanorum</strong></span> <span class='ocrx_word' id='word_1_238' title='bbox 781 3496 874 3555; x_wconf 89' lang='lat' dir='ltr'><strong>omnia</strong></span> <span class='ocrx_word' id='word_1_239' title='bbox 896 3513 996 3572; x_wconf 79' lang='lat' dir='ltr'><strong>regum</strong></span> 
     </span>
    </p>
   </div>
   <div class='ocr_carea' id='block_1_4' title="bbox 0 0 1244 4006">
    <p class='ocr_par' dir='ltr' id='par_1_34' title="bbox 0 0 1244 4006">
     <span class='ocr_line' id='line_1_40' title="bbox 0 0 1244 4006; baseline 0 4"><span class='ocrx_word' id='word_1_240' title='bbox 0 0 1244 4006; x_wconf 95' lang='lat' dir='ltr'><strong> </strong></span> 
     </span>
    </p>
   </div>
  </div>
 </body>
</html>
