2460 4004
358 1091 743 1158 SULPIOIAE
787 1088 1059 1158 SATIRA.

630 1270 786 1280 *-

213 1430 312 1505 blusa,
330 1429 432 1510 quibus
446 1432 572 1492 numeris
587 1431 693 1490 heroas
710 1439 738 1489 et
755 1446 832 1489 arma
847 1429 1033 1508 frequentas,

213 1513 363 1575 Fabellam
379 1516 513 1593 permitte
523 1515 597 1575 mibi
612 1514 753 1575 detexere
770 1513 881 1591 paucis.

214 1597 285 1658 Nam
301 1597 350 1658 tihi
368 1599 496 1674 secessi,
513 1607 608 1658 tecum
624 1596 775 1677 penetrale
790 1606 950 1658 retractans

215 1679 388 1750 Consilium
414 1700 504 1760 quare
520 1701 575 1742 nec
591 1683 716 1742 carmine
732 1697 817 1741 curro
833 1681 977 1742 Phalaeco

214 1763 278 1824 Nec
296 1766 425 1825 trimetro
442 1765 537 1824 iambo
552 1784 609 1826 nec
627 1767 674 1843 qui
692 1764 768 1844 pede
785 1763 893 1825 fractus
911 1765 1014 1826 eodem

213 1847 339 1908 Fortiter
357 1849 443 1908 irasci
458 1848 557 1909 didicit
572 1849 646 1910 duce
662 1847 857 1910 Clazomenio.

214 1929 320 1992 Cetera
337 1933 403 2010 quin
421 1933 520 2008 etiam,
538 1941 608 2011 quot
623 1933 748 2012 denique
763 1931 840 1993 milia
867 1932 922 1993 lusi

214 2015 365 2094 Primaque
380 2016 524 2076 Romanas
540 2017 625 2076 docui
642 2017 819 2077 contendere
839 2014 931 2078 Graiis

214 2097 250 2160 Et
266 2099 373 2159 salibus
389 2101 502 2161 variare
517 2101 616 2177 novis,
641 2109 806 2160 constanter
822 2102 936 2176 omitto,

214 2179 324 2259 i'eque,
342 2183 444 2262 quibus
460 2185 598 2264 princeps
615 2193 644 2244 et
661 2183 864 2245 facundissima
882 2185 991 2264 calles,

212 2263 396 2346 Aggredior:
420 2267 557 2344 precibus
574 2268 723 2328 descende
739 2268 852 2328 clientis
872 2277 900 2328 et
915 2269 990 2329 audi.

254 2347 309 2407 Dic
324 2349 407 2425 milri,
426 2347 576 2429 Calliope,
593 2352 725 2428 quidnam
741 2360 824 2430 pater
839 2352 888 2412 ille
905 2353 1027 2415 deorum

213 2429 351 2508 Cogitat?
378 2450 413 2492 an
428 2441 521 2492 terras
540 2443 569 2493 et
586 2437 677 2511 patria
693 2435 793 2496 secula
808 2444 914 2513 mutat,

213 2514 350 2592 Quasque
367 2515 446 2574 dedit
464 2518 623 2595 quondam,
638 2519 825 2580 morientibus
844 2520 931 2599 eripit
946 2529 1045 2600 artes,

211 2596 331 2675 Nosque
349 2597 428 2659 iubet
443 2601 548 2660 tacitos
564 2610 593 2660 et
608 2603 663 2662 iam
678 2603 796 2664 rationis
813 2621 924 2682 egenos

212 2679 277 2739 Non
295 2681 394 2759 aliter,
413 2685 505 2762 primo
522 2703 606 2764 quam
622 2705 707 2764 quum
722 2688 898 2747 surreximus
916 2707 1008 2767 aeno,

214 2763 370 2825 Glandibus
387 2776 416 2827 et
434 2786 524 2846 purae
539 2787 637 2829 rursus
654 2770 846 2848 procumbere
862 2771 1021 2851 lympha'e‘l

211 2847 256 2906 An
272 2848 400 2928 reliquas
420 2857 515 2912 terras
534 2863 687 2913 conservat
703 2854 810 2914 amicus
827 2864 857 2914 et
872 2855 974 2934 urbes,

212 2931 271 2990 Sed
288 2950 380 3009 genus
397 2933 556 2996 Ausonium
571 2936 743 3018 Remuliqne
760 2938 893 2999 exturbat
908 2937 1061 3000 alumnos?

212 3012 307 3087 Quid?
325 3027 493 3096 reputemus
510 3021 601 3081 enim:
620 3021 676 3081 duo
692 3030 773 3097 suut,
790 3021 892 3100 quibus
911 3024 1013 3084 extulit
1029 3023 1131 3104 ingens
1162 3031 1194 3083 ‘tu
1226 3047 1227 3104 q

212 3097 303 3158 Roma
321 3112 422 3179 caput:
441 3103 531 3162 virtus
546 3103 617 3164 belli
634 3113 663 3165 et
677 3106 817 3184 sapientia
834 3107 924 3184 pacis.
1225 3127 1227 3184 p

211 3181 270 3241 Sed
285 3183 392 3260 virtus,
408 3185 514 3262 agitata
530 3187 605 3248 domi
623 3197 651 3247 et
666 3188 823 3249 socialibus
839 3191 942 3267 armis,

210 3263 243 3324 ln
257 3265 332 3326 ireta
348 3268 481 3327 Sicaniae
500 3278 528 3329 et
547 3269 728 3348 Carthaginis
743 3274 813 3332 exiit
829 3291 913 3334 arces

212 3346 378 3427 Ceteroque
394 3351 514 3430 imperia
531 3363 560 3413 et
576 3363 666 3414 toturn
681 3357 764 3417 simul
779 3355 897 3416 abstulit
915 3357 1037 3427 orbem;

211 3431 340 3508 Deinde,
357 3434 437 3494 velut
453 3436 545 3497 stadio
563 3439 657 3498 victor
673 3441 720 3518 qui
731 3439 821 3500 'solus
836 3439 958 3501 Achaeo
1160 3447 1195 3500 25

212 3511 340 3590 Languet
357 3525 385 3576 et
400 3519 515 3580 immota
530 3539 629 3583 secum
646 3523 750 3584 virtute
766 3523 889 3601 fatiscit,
