2460 4004
421 259 546 306 sernas
566 261 615 307 nr.
977 254 1013 314 61

38 399 204 460 blunimenta
226 406 330 474 togae,
354 397 416 456 duri
438 400 589 477 crassique
613 398 732 474 eoloris,

37 482 71 542 llt
91 481 166 542 male
188 498 342 559 percussas
369 483 492 540 textoris
515 484 633 560 pectine
661 479 735 541 Galli
980 495 1014 551 30

36 567 215 644 Accipimus,
238 574 325 624 tenue
351 574 500 641 argentum
522 583 674 643 venaeque
697 565 854 625 secundae.

35 648 101 709 Fata
123 657 227 725 regunt
249 647 394 716 hominem
417 647 505 707 latum
528 657 624 708 estet
646 647 774 726 partibus
796 648 864 724 illis,

35 731 111 804 Quas
133 734 211 792 sinus
232 730 393 791 abscondit.
430 729 518 806 Nam,
541 733 564 790 si
586 731 639 791 tibi
661 733 756 792 sidera
779 742 905 809 cessant,

33 813 77 875 er
98 815 189 874 iaoiet
214 814 293 892 longi
315 833 449 875 mensura
475 816 620 892 incognita
642 817 735 890 nervi,

33 897 168 971 Quamvis
192 907 221 957 le
245 899 348 957 nudum
373 899 513 976 spumanti
533 899 618 958 Virro
642 899 751 959 labello
978 909 1012 963 35

31 981 142 1042 Viderit
168 989 197 1041 et
220 981 343 1042 blandae
365 982 481 1042 assidue
506 982 673 1060 densaeque
696 982 823 1042 tabellae

31 1065 209 1134 Sollioileul;
233 1057 320 1137 αὐτὸς
344 1056 402 1146 γὰρ
423 1063 573 1142 ἐφέλκεται
597 1060 692 1144 ἄνδρα
714 1067 854 1138 κίναιδος.

32 1148 113 1221 Quod
135 1159 231 1209 tamen
251 1149 372 1208 ulterius
394 1158 565 1224 monstrum,
589 1169 673 1228 quam
695 1150 791 1210 mollis
813 1147 938 1210 avarus?

30 1230 108 1292 llaee
131 1231 229 1308 tribui,
254 1232 359 1292 deinde
381 1233 431 1293 illa
454 1233 536 1309 dedi,
561 1251 630 1293 mox
650 1234 733 1312 plura
755 1233 859 1294 tulisti:
872 1269 916 1282 -—

31 1312 184 1394 Computat
205 1334 240 1376 ae
264 1325 359 1376 neret.
392 1315 517 1376 Ponatur
540 1317 686 1393 calculus,
710 1317 803 1377 adsint
979 1329 1013 1380 40

31 1395 99 1458 Cum
123 1398 222 1460 tabula
244 1401 342 1478 pueri:
363 1418 481 1458 numera
504 1402 638 1460 sestertia
660 1402 787 1479 quinque

31 1481 169 1542 Omnibus
192 1483 220 1540 in
241 1483 348 1558 rebus,
374 1491 558 1542 numerentur
579 1483 684 1542 deinde
711 1483 839 1542 labores.

30 1565 72 1624 An
93 1565 184 1625 laoile
208 1575 238 1626 et
258 1583 380 1644 pronum
402 1575 448 1625 est
469 1583 559 1644 agere
582 1567 655 1626 intra
676 1567 792 1625 viscera
814 1584 918 1644 penem

30 1647 199 1726 legitimum
222 1658 308 1728 atque
334 1649 394 1709 illio
416 1649 572 1722 besternae
594 1667 752 1710 occurrere
776 1648 908 1710 coenae?

18 1734 139 1791 -Servus
164 1733 219 1791 erit
239 1734 330 1792 minus
353 1733 403 1792 ille
427 1735 532 1810 miser,
560 1735 608 1812 qui
632 1733 739 1793 foderit
759 1751 869 1810 agrum,
977 1743 1011 1796 45

31 1813 122 1888 Quam
145 1815 298 1876 dominum.
335 1816 395 1877 Sed
415 1826 445 1875 tu
469 1835 538 1876 sane
560 1826 691 1876 tenerum
715 1825 744 1875 et
766 1834 886 1893 puerum
908 1825 938 1875 te

29 1897 62 1958 Et
87 1898 241 1977 pulchrum
263 1908 292 1958 et
314 1900 428 1976 dignum
451 1900 555 1973 cyatho
580 1899 725 1976 coeloque
748 1899 885 1976 putabas;

29 1981 87 2042 Vos
113 1980 213 2040 humili
235 1981 403 2054 asseculae,
425 1997 479 2040 vos
501 1980 687 2057 indulgebitis
709 1999 840 2058 umquam

30 2063 159 2139 Gultori,
183 2064 238 2122 iarn
262 2082 318 2122 nee
338 2063 439 2122 morbo
465 2064 573 2124 donare
595 2060 709 2143 parati?

29 2146 69 2206 En
93 2147 143 2206 eni
163 2154 194 2206 tu
215 2147 336 2206 viridem
354 2147 524 2222 umbellam,
548 2149 593 2207 eui
616 2148 732 2207 suooina
753 2148 847 2207 mittas
977 2159 1011 2210 50

30 2229 168 2306 Grandia,
195 2229 298 2290 natalis
320 2231 435 2309 quoties
457 2231 532 2291 redit
554 2241 602 2291 aut
621 2231 762 2292 madidum
784 2249 837 2290 ver

28 2312 131 2392 lneipit
154 2321 183 2372 et
207 2322 295 2374 strata
318 2315 430 2391 positus
452 2315 597 2394 longaque
622 2315 758 2376 cathedra

29 2394 149 2456 blunera
169 2395 301 2457 femineis
324 2406 428 2458 tractat
451 2409 566 2459 secreta
589 2399 736 2460 kalendis!

29 2479 96 2556 Dio,
123 2497 241 2558 passer,
268 2481 313 2540 oui
332 2489 375 2540 tot
398 2491 526 2559 montes,
552 2492 595 2542 tot
616 2483 733 2561 praedia
757 2501 858 2543 servas

30 2561 160 2641 Appula,
183 2572 226 2623 tot
248 2563 351 2624 milvos
373 2565 446 2625 intra
470 2575 518 2626 tua
541 2584 649 2644 paseua
670 2564 787 2626 lassos?
978 2576 1011 2628 55

30 2645 69 2705 Te
97 2644 255 2708 'l'riiolinus
278 2665 349 2725 ager
370 2648 501 2708 fecundis
522 2650 627 2708 ritibus
652 2649 763 2726 implet,
806 2679 810 2685 ·

30 2731 261 2809 Suspectumque
283 2733 379 2809 iugum
403 2730 501 2806 Gumis
523 2741 552 2791 et
572 2731 681 2793 Gaurus
705 2733 795 2791 inanis
818 2767 860 2780 -

30 2811 98 2872 Nam
122 2815 185 2891 quis
207 2815 292 2892 plura
314 2815 376 2875 linit
396 2817 509 2874 victuro
532 2815 610 2874 dolia
632 2812 748 2872 musto?
768 2847 810 2860 -

32 2895 172 2968 Quantum
196 2907 259 2958 erat
281 2898 413 2958 exhausti
435 2897 548 2957 lumbos
570 2897 678 2957 donare
702 2897 815 2956 clientis

31 2977 181 3056 Iugeribus
203 2982 320 3060 paucis!
343 2982 483 3042 meliusne
504 2981 552 3040 hie
573 2981 697 3039 rusticus
719 2979 811 3040 inians
977 2991 1011 3044 60

33 3059 99 3122 Cum
122 3073 213 3124 matre
237 3073 267 3124 et
289 3065 395 3125 easulis
416 3074 446 3124 et
467 3065 622 3124 conlusore
646 3063 752 3124 catello

33 3142 169 3220 Cymbala
192 3149 333 3226 pulsantis
356 3149 483 3226 legatum
505 3149 556 3208 liet
578 3145 681 3208 amini?

32 3225 182 3307 lmprobus
209 3250 258 3308 es,
283 3250 368 3312 quum
393 3234 511 3311 poseis,
535 3234 582 3292 ait.
599 3261 642 3277 —-·
660 3229 719 3288 Sed
742 3230 844 3307 pensio
868 3229 970 3291 elamat

33 3308 140 3382 Posee;
163 3315 217 3374 sed
240 3314 370 3393 appellat
391 3335 464 3394 puer
486 3317 602 3391 uniens,
624 3324 654 3374 ut
675 3315 843 3393 Polyphemi

36 3390 99 3456 bata
121 3397 216 3473 acies,
240 3417 294 3476 per
316 3417 399 3478 mam
420 3399 526 3459 sollers
548 3401 640 3459 evasit
661 3399 772 3463 Ulixes.
978 3408 1011 3462 65

36 3476 114 3539 hlter
140 3481 278 3542 emendus
303 3484 373 3559 erit,
396 3501 518 3562 namque
541 3483 588 3542 hio
610 3499 667 3542 non
687 3483 809 3560 suffieit,
834 3481 917 3543 ambo
