2480 4006
424 283 427 290 ,
456 255 580 303 sauma
600 257 653 303 111.
1010 253 1048 311 15

56 396 119 454 Res
144 404 265 472 angusta
286 394 377 462 domi;
400 394 453 454 sed
474 391 585 454 Rornae
607 395 706 456 durior
727 397 785 456 illis
998 415 1048 468 165
1129 419 1133 427 ¹

56 477 203 538 Conatus:
225 494 329 554 magno
352 477 516 555 hospitium·
530 480 715 555 miserabile,
738 498 843 557 magno

54 565 215 623 Servorum
237 570 372 636 ventres,
397 570 426 620 et
445 560 522 638 frugi
542 563 666 623 coenula
686 581 802 640 magno.

54 644 207 705 Fictilibus
230 661 357 704 coenare
380 644 485 722 pudet,
509 647 587 724 quod
608 655 693 724 turpe
713 647 833 724 negabit

53 729 225 789 Translatus
248 728 343 788 subito
360 727 396 788 ad
417 726 531 788 llarsos
552 748 740 810 mensamque
762 731 910 793 Sabellam

54 811 276 890 Contentusque
291 811 353 872 illic
375 820 483 872 veneto
501 813 778 896 duroquecucullo.
993 826 1048 880 tio

52 897 127 957 Pars
147 913 251 972 magua
271 895 373 956 ltaliae
397 905 459 972 est,
480 898 503 955 si
524 916 625 956 uerum
646 899 834 975 admittimus,
855 900 884 959 in
905 918 960 980 qua

51 979 148 1040 Nemo
169 989 267 1056 togam
288 980 387 1055 sumit,
410 981 465 1038 nisi
486 989 624 1041 mortuus.
669 982 737 1060 lpsa
757 982 866 1042 dierum

51 1063 208 1123 Fastorum
229 1063 359 1123 herboso
383 1063 487 1124 colitur
506 1065 531 1124 si
553 1066 667 1142 quando
689 1065 803 1126 theatro

51 1147 208 1224 Maiestas,
230 1147 405 1227 tandemque
425 1149 501 1208 redit
523 1149 560 1209 ad
579 1149 689 1230 pulpita
711 1158 808 1209 uotum

51 1230 212 1306 Exodium,
236 1249 321 1310 quum
343 1249 490 1309 personae
513 1233 649 1311 pallentis
670 1233 778 1294 blatum
994 1246 1045 1300 175

51 1314 85 1374 ln
107 1315 218 1391 grendo
240 1316 338 1374 matris
359 1315 496 1376 formidat
516 1319 642 1378 rusticus
663 1318 773 1378 iulans:

52 1398 204 1475 Aequales
225 1397 340 1458 habitus
362 1399 423 1459 illic
444 1400 613 1480 similesque
635 1401 750 1462 videbis

52 1481 241 1541 Orchestrem
264 1491 294 1542 et
315 1482 468 1561 populum;
493 1483 564 1543 clari
586 1484 720 1548 uelamen
740 1485 860 1546 honoris

51 1565 206 1626 Sufficiunt
226 1567 340 1627 tunicae
362 1567 479 1626 summis
500 1566 643 1627 aedilibus
662 1568 756 1628 albae.
830 1601 834 1609 =

50 1650 108 1711 llio
127 1649 200 1708 ultra
222 1649 301 1709 vires
323 1650 438 1710 habitus
459 1651 550 1720 nitor,
567 1651 615 1711 bic
635 1652 741 1732 aliquid
763 1652 828 1731 plus
992 1666 1043 1719 180

52 1734 145 1806 Quam
173 1733 243 1792 satis
266 1742 312 1793 est
333 1735 474 1794 interdum
497 1735 592 1794 aliena
614 1737 732 1796 sumitur
754 1755 832 1798 arca.

52 1817 211 1878 Commune
235 1818 263 1877 id
285 1819 382 1877 uitium
406 1826 468 1886 est;
509 1817 558 1878 bic
578 1821 700 1879 vivimus
723 1820 875 1881 ambitiosa

50 1903 227 1979 Paupertate
251 1919 369 1971 omnes:
407 1901 475 1979 quid
495 1911 528 1961 te¹
547 1900 666 1962 moror'l
688 1905 782 1965 omnia
805 1904 915 1965 Romae

52 1984 125 2044 Cum
145 1986 250 2063 pretio.
295 1985 370 2060 Quid
392 1986 461 2060 das,
484 1995 515 2046 ut
538 1984 660 2047 Cossum
682 1987 836 2066 aliquando
859 1987 988 2050 salutes?

51 2069 91 2128 Ut
113 2077 143 2128 te
164 2069 302 2147 respiciat
322 2069 422 2130 clauso
443 2068 569 2130 Veiento
591 2067 724 2131 labello?
992 2084 1043 2138 185

50 2152 106 2212 llle
129 2153 210 2211 metit
229 2152 365 2230 barbam,
388 2154 497 2214 crinem
519 2155 566 2215 bic
588 2156 708 2234 deponit
730 2157 827 2216 amati:

49 2236 141 2296 Plena
165 2235 265 2296 domus
284 2236 351 2296 libis
372 2238 540 2307 venalibus;
561 2241 665 2317 accipe
686 2248 717 2300 et
739 2240 816 2300 istud

49 2319 235 2380 Fermentum
257 2319 308 2380 tibi
330 2320 421 2380 habe:
443 2331 595 2399 praestare
617 2323 723 2384 tributa
746 2324 870 2385 clientes

51 2400 190 2479 Cogimur
213 2412 242 2462 et
264 2404 349 2464 cultis
373 2399 482 2482 a'ugere
504 2407 621 2484 peculia
644 2409 747 2468 servis.

95 2484 166 2559 Quis
186 2488 267 2548 timet
289 2496 337 2548 aut
358 2489 451 2550 timuit
471 2490 569 2566 gelida
591 2489 752 2552 Praeneste
770 2493 891 2569 ruinam,
992 2503 1043 2558 190

49 2569 110 2628 Aut
133 2571 238 2647 positis
258 2588 414 2634 nemorosa
435 2572 511 2634 iuter
533 2575 598 2652 iuga
620 2573 776 2652 Volsiniis,
799 2585 848 2637 aut

50 2652 238 2732 simplicibus
260 2654 376 2733 Gabiis,
397 2664 446 2717 aut
466 2659 550 2736 proni
573 2657 687 2718 l'iburis
709 2657 799 2721 arce?

49 2735 113 2796 Nos
133 2737 234 2798 urbem
259 2740 378 2800 colimus
400 2743 477 2800 tenui
499 2741 617 2801 tibicine
640 2742 740 2803 lultam

49 2820 155 2898 Magna
174 2831 257 2900 parte
280 2825 338 2893 sui;
363 2842 428 2885 nam
447 2826 490 2885 sic
512 2824 677 2885 labentibus
699 2826 796 2887 obstat

49 2904 163 2965 Vilicus
186 2915 233 2986 et,
255 2909 366 2968 veteris
388 2910 477 2970 rimae
500 2927 585 2988 quum
607 2911 680 2969 terit
700 2909 817 2988 hiatum,
990 2921 1042 2975 195

50 2989 182 3049 Securos
203 2991 349 3068 pendente
373 2992 453 3054 iubet
476 2993 602 3054 dormire
624 2993 714 3053 ruina.

49 3072 213 3132 Virendum
236 3083 281 3134 est
301 3075 379 3152 illic,
402 3077 450 3136 ubi
468 3077 545 3138 nulle
566 3077 713 3154 incendia,
736 3077 806 3138 nulli

50 3154 146 3215 Nocte
166 3165 271 3217 metus.
315 3157 374 3219 lam
392 3163 488 3240 poscit
509 3179 631 3240 aquam,
654 3163 710 3222 iam
732 3161 838 3224 frivola
859 3162 997 3224 transfert

50 3238 220 3316 Ucalegon,
244 3239 373 3303 tabulata
394 3244 446 3304 tibi
467 3245 522 3304 iam
543 3247 629 3306 tertia
651 3245 774 3308 fumant:

52 3320 94 3382 Tu
113 3324 226 3392 nescim
249 3343 313 3386 nam
337 3327 361 3384 si
382 3327 519 3404 gradibus
536 3329 697 3406 trepidatur
719 3332 755 3390 ab
778 3329 851 3405 imis,
987 3340 1041 3392 too

51 3405 173 3466 Ultimus
194 3407 324 3483 ardebit,
348 3427 434 3488 quern
455 3411 553 3488 tegula
573 3413 637 3474 sola
658 3422 755 3473 tuetur

52 3489 77 3547 Α
99 3489 217 3567 pluvia,
238 3492 344 3552 molles
366 3492 413 3553 ubi
435 3495 557 3554 reddunt
578 3512 633 3556 ova
654 3496 815 3558 columbae.
