2460 4004
232 291 271 353 94
554 300 589 346 n.
610 299 682 346 run.
705 295 891 346 ruvunnnrs

233 442 361 503 Alterius
385 439 524 500 conchem
547 439 649 498 aestivi
672 455 735 498 cum
756 445 839 516 parte
865 434 967 494 lacerti

233 528 379 603 signatam
399 523 448 583 vel
471 521 586 582 dimidio
607 523 742 600 putrique
764 520 865 594 siluro,

232 607 353 687 Filaque
380 607 483 667 sectivi
506 615 651 665 numerata
673 604 822 664 includere
844 602 940 681 porri:

232 693 370 753 Invitatus
397 689 526 752 adhaec
548 689 651 768 aliquis
674 688 709 748 de
731 697 819 767 ponte
841 684 969 763 negabit.

233 776 292 837 Sed
315 792 372 853 quo
396 775 508 834 divitias
531 773 605 832 baec
624 790 678 851 pcr
700 780 842 832 tormenta
865 777 995 844 coactas,
1170 780 1222 840 135,

233 860 327 935 Quum
348 859 430 918 iuror
451 856 526 917 baud
547 855 665 931 dubius,
690 873 775 935 quum
796 857 833 913 sit
853 853 1004 913 manifesta
1031 853 1194 932 phrenesis,
1221 851 1222 918 l

232 943 270 1003 Ut
287 941 422 1019 locuples
448 941 596 1014 moriaris,
621 940 735 1016 egentis
757 940 858 997 vivere
880 932 962 998 iatcl
1221 945 1222 980 1

232 1025 347 1086 interea
369 1024 457 1102 pleno
482 1041 566 1102 quum
589 1032 686 1100 turget
705 1022 840 1081 sacculus
863 1037 925 1096 cre,

234 1106 349 1168 Crescit
375 1124 455 1166 amor
477 1108 597 1182 nummi,
626 1114 760 1185 quantum
782 1106 844 1183 ipsa
865 1103 988 1183 pecunia
1012 1104 1119 1180 crevit,

233 1191 271 1252 Et
292 1193 382 1250 minus
405 1191 479 1250 hanc
508 1198 588 1267 optat
612 1191 739 1267 quinon
762 1188 859 1248 habet.
892 1185 973 1265 Ergo
996 1196 1116 1266 paratur
1171 1196 1209 1249 111

232 1275 334 1334 Altera
357 1273 425 1332 villa
448 1272 514 1348 tibi,
538 1291 623 1350 quum
645 1291 693 1332 rus
715 1289 773 1331 non
795 1272 902 1332 suflicit
924 1289 1019 1346 unum,

232 1358 269 1418 Et
291 1357 426 1436 prolerre
449 1355 520 1416 libct
542 1356 629 1432 lines,
651 1357 801 1434 maiorque
823 1356 937 1415 videtur

138 1473 140 1476 ·
233 1441 270 1501 Et
292 1441 395 1501 melior
416 1441 511 1499 vicina
534 1458 638 1516 seges:
661 1441 799 1499 mercaris
823 1447 852 1499 et
874 1439 948 1498 hanc
970 1447 1000 1498 et

232 1525 358 1585 Arbusta
382 1533 411 1584 et
434 1526 524 1586 densa
551 1533 676 1584 montem
701 1525 749 1601 qui
773 1532 857 1583 canet
880 1522 967 1581 oliva.

233 1608 361 1682 Quorum
386 1609 410 1666 si
432 1608 528 1685 pretio
550 1607 681 1667 dominus
701 1624 758 1666 ncn
780 1608 903 1667 vincitur
925 1605 995 1681 ullo,
1171 1616 1208 1669 115

231 1691 326 1751 Nocte
349 1691 443 1750 boves
468 1692 558 1750 macri
578 1691 717 1768 lassoque
738 1691 872 1750 iamelica
894 1689 973 1749 collo

231 1775 359 1836 lumenta
381 1775 416 1834 ad
436 1773 544 1833 virides
565 1773 647 1833 huius
670 1774 815 1833 mittentur
837 1774 955 1841 aristas;

232 1857 295 1919 Nec
316 1859 396 1937 prius
416 1857 482 1917 inde
507 1857 636 1932 domum,
661 1875 745 1935 quarn
765 1866 826 1917 tota
845 1855 960 1916 novalia
981 1873 1090 1916 saevos

232 1942 263 2002 ln
284 1951 402 2002 ventres
425 1940 545 2018 abeant,
568 1950 599 2001 ut
621 1941 724 2001 credas
746 1941 870 2001 falcibus
894 1949 998 2000 actum.
1220 2007 1225 2014 ἢ

230 2026 338 2086 Dicere
359 2027 408 2085 vix
429 2027 542 2104 possis,
573 2043 657 2104 quam
677 2023 762 2090 multi
784 2024 851 2086 talia
876 2024 1003 2102 plorent,
1169 2034 1221 2099 lit,

231 2109 268 2169 Et
291 2117 361 2187 quot
382 2109 503 2169 venales
525 2110 626 2168 iniuria
648 2109 752 2169 lecerit
776 2125 873 2186 agros.
1217 2116 1218 2122 ’

232 2192 291 2252 Sed
315 2193 363 2270 qui
384 2209 551 2268 sermones,
576 2209 660 2271 quam
681 2191 787 2252 loedac
806 2192 928 2252 buccina
949 2191 1058 2252 lamae!
1076 2229 1120 2240 —-
1224 2227 1225 2256 ι

233 2275 308 2349 Quid
330 2285 418 2335 nocet
438 2272 533 2335 haec?
554 2277 659 2356 inquit;
681 2277 805 2338 tunicam
828 2275 895 2336 mibi
918 2275 994 2336 malo
1017 2275 1120 2354 lupini,

232 2357 324 2432 Quam
346 2361 370 2418 si
395 2377 441 2418 me
466 2367 527 2418 toto
555 2358 652 2419 laudet
676 2361 781 2420 vicinia
808 2377 885 2438 pago

231 2440 337 2519 Exigoi
359 2444 433 2502 ruris
458 2442 631 2520 paucissima
656 2443 733 2504 larra
757 2453 972 2504 secantem-
1168 2451 1209 2506 155

231 2525 353 2585 Scilicet
379 2534 409 2584 et
431 2525 538 2585 morbis
560 2534 589 2584 et
612 2525 761 2587 debilitate
785 2527 910 2604 carebis,

230 2607 268 2668 tit
290 2608 397 2669 luctum
420 2618 449 2668 et
472 2627 568 2670 curam
592 2610 733 2688 ellugies,
757 2620 786 2670 et
809 2620 940 2690 tempora
962 2611 1040 2670 vitae

230 2691 330 2769 Longa
351 2691 402 2752 tibi
425 2693 549 2773 posthac
568 2693 627 2754 lato
654 2694 776 2754 meliore
799 2694 950 2770 dabuntur,

231 2776 262 2836 Si
287 2785 394 2837 tanturn
416 2777 485 2838 culti
507 2777 587 2838 solus
610 2777 780 2856 possederis
802 2779 874 2855 agri,

231 2859 374 2934 Quantum
396 2861 450 2921 sub
470 2861 552 2923 'latio
573 2861 699 2941 populus
722 2861 867 2922 Romanus
890 2860 998 2922 arabat.
1168 2869 1209 2923 1611

229 2943 299 3004 lllox
321 2946 407 3006 etiam
428 2945 528 3006 fractis
551 2955 646 3006 aetate
670 2963 704 3006 ac
727 2945 833 3006 Punica
855 2946 950 3024 passis

128 3027 132 3036 '
230 3027 346 3089 Proelia
368 3029 416 3089 vel
439 3029 578 3104 Pyrrhum
600 3031 750 3089 immanem
773 3029 947 3107 gladiosque
970 3026 1122 3088 blolossos

231 3110 358 3172 Tandem
379 3131 433 3191 pro
457 3112 552 3172 multis
578 3115 628 3172 rix
648 3115 749 3190 iugera
771 3113 837 3173 bina
861 3112 1002 3172 dabantur

229 3195 420 3256 Vulneribus:
443 3213 556 3255 mercer
581 3195 655 3256 baec
677 3197 824 3274 sanguinis
847 3205 935 3275 atque
952 3194 1063 3255 laboris

229 3277 323 3340 Nullis
345 3280 403 3338 visa
432 3296 564 3357 umquam
587 3280 696 3338 meritis
718 3282 827 3356 minor,
850 3289 898 3340 aut
917 3281 1049 3366 ingratae
1167 3285 1209 3339 155

231 3360 318 3422 Curta
341 3361 413 3422 lldes
432 3363 552 3440 patriae.
590 3362 744 3424 saturabat
765 3363 885 3442 glebula
908 3363 973 3423 talis

231 3446 342 3505 Patrem
365 3447 458 3524 ipsum
481 3445 650 3524 turbamque
674 3465 775 3524 casae,
799 3465 854 3526 qua
875 3447 934 3507 icta
956 3444 1073 3507 iaccbat

231 3525 311 3587 Uxor
333 3537 363 3587 et
383 3528 506 3590 infantes
530 3530 666 3590 ludebant
688 3540 840 3609 quattuor,
863 3549 935 3590 unus
