2480 4006
1175 34 1188 73 1

1132 117 1133 120 ,
1155 90 1170 123 o

228 256 269 320 28
577 269 611 315 o.
636 269 707 315 run.
730 268 917 316 ruvmnnnrs
1105 29 1220 350 §A

1217 385 1220 414 l

512 603 937 700 u.lttldtttblll1t
1045 744 1049 755 ‘

630 758 809 835 nouimus
1036 650 1057 860 ει’,

399 875 1047 1044 8ΑΤΙΒΑΒΗΜ

497 1107 1002 1182 ·mmmms¹

639 1287 804 1296 ...φ-.-

544 1414 901 1482 SATIRAVI.

226 1527 327 1620 Credo
350 1556 519 1620 Pudicitiam
542 1561 664 1622 Saturno
688 1567 921 1640 regeneratam

229 1642 260 1702 ln
283 1643 370 1701 terris
390 1643 541 1722 visamque
565 1645 628 1721 dio,
653 1665 739 1725 quum
761 1643 867 1721 frigida
888 1655 994 1719 parvas
1219 1603 1221 1752 l

230 1724 390 1785 Praeberet
411 1727 551 1803 spelunca
575 1730 676 1788 domos
699 1731 853 1806 ignemque
874 1725 1023 1799 laremque

230 1808 266 1869 lit
288 1826 381 1887 pecus
403 1818 432 1868 et
455 1809 585 1872 dominos
610 1813 750 1873 communi
773 1810 923 1871 clauderet
945 1804 1057 1871 umbram

230 1893 400 1953 silvestrem
421 1904 555 1955 montana
575 1895 667 1957 torurn
687 1915 773 1976 quum
794 1900 940 1955 sterneret
963 1905 1036 1947 uxor
1207 1897 1221 1950 t

229 1975 393 2037 Fraudibus
419 1988 448 2038 et
471 1979 565 2040 culmo
585 1981 800 2059 vicinarumque
823 1979 949 2039 ferarum
1221 2014 1222 2044 r

229 2061 376 2136 Pellibus,
399 2061 474 2122 haud
496 2065 596 2124 similis
619 2065 688 2142 tibi,
711 2063 849 2140 Cynthia,
870 2062 926 2121 neo
945 2055 1013 2131 tibi,
1038 2057 1118 2114 cuius

230 2144 369 2204 Turbavit
391 2146 497 2206 nitidos
520 2150 680 2208 exstinctus
699 2166 804 2226 passer
825 2145 951 2218 ocellos,

230 2229 290 2288 Sed
313 2229 439 2306 potanda
465 2229 565 2290 ferens
588 2232 742 2292 infantibus
765 2231 855 2290 ubera
877 2226 998 2303 magnis,

230 2311 266 2372 Et
284 2330 375 2390 saepe
396 2312 542 2372 horridior
563 2315 698 2391 glandem
720 2321 851 2374 ructante
874 2311 985 2370 marito.
1193 2322 1219 2371 10

231 2395 346 2474 Quippe
369 2395 453 2455 aliter
472 2405 540 2456 tunc
559 2397 631 2457 orbe
654 2414 731 2458 novo
753 2396 899 2474 coeloque
922 2391 1035 2452 recenti

229 2479 375 2539 vivebant
397 2479 546 2557 homines,
572 2483 620 2558 qui
642 2489 727 2559 rupto
751 2479 860 2540 robore
882 2478 941 2537 nati

231 2561 429 2640 Compositive
452 2563 512 2623 luto
536 2565 631 2624 nullos
653 2564 783 2624 habuere
807 2570 953 2640 parentes.

229 2647 318 2707 blulta
341 2646 497 2726 pudicitiae
519 2651 629 2708 veteris
650 2649 774 2725 vestigia
796 2647 896 2706 forsan

232 2732 288 2790 dut
310 2731 407 2810 aliqua
430 2734 594 2792 exstiterint
615 2742 643 2792 et
664 2731 718 2791 sub
739 2731 824 2800 love;
850 2729 904 2789 sed
925 2726 995 2787 love
1016 2726 1142 2786 noudum
1190 2737 1217 2788 lt

230 2815 372 2892 Barbato,
396 2816 520 2877 nondum
543 2815 663 2877 Graecis
686 2818 781 2876 iurare
805 2815 913 2893 paratis

230 2899 286 2958 Per
309 2909 394 2978 caput
415 2900 548 2976 alterius,
573 2919 658 2979 quum
679 2900 770 2959 iurem
792 2915 877 2958 nemo
899 2897 1014 2956 timeret

232 2980 368 3042 Gaulibus
393 2993 422 3043 et
443 2985 537 3062 pomis
560 2993 588 3043 et
609 2993 710 3062 aperto
734 2986 848 3043 viveret
869 2981 964 3041 horto.

231 3066 368 3126 Paulatim
390 3067 494 3128 deinde
517 3068 552 3128 ad
574 3085 699 3146 superos
720 3067 844 3127 Astraea
865 3063 991 3125 recessit

231 3150 292 3210 llac
314 3153 436 3227 comite,
461 3161 547 3230 atque
570 3153 644 3212 duae
669 3152 777 3230 pariter
800 3150 903 3226 fugere
926 3163 1054 3208 sorores.
1187 3155 1216 3206 ao

232 3233 385 3313 Antiquom
409 3244 438 3294 et
458 3245 543 3295 vetus
567 3246 611 3296 est
634 3236 774 3310 alienum,
797 3235 949 3307 Postume,
972 3231 1080 3290 lectum

233 3316 398 3378 Concutere
421 3327 507 3398 atque
533 3321 610 3380 sacri
632 3322 747 3397 genium
773 3326 960 3378 contemnere
983 3314 1080 3374 fulcri.

232 3401 322 3461 Omne
341 3403 418 3463 aliud
440 3405 548 3464 crimen
569 3421 638 3463 mox
659 3403 755 3463 ferrea
779 3401 899 3482 protulit
919 3408 1016 3460 aetas:

230 3486 372 3548 Viderunt
393 3489 501 3567 primos
525 3497 664 3567 argentea
683 3487 781 3548 secula
803 3483 954 3546 moechos.
