2480 4006
244 260 281 324 18
543 276 599 356 ⁸n.
622 275 693 320 000.
715 276 902 324 000000οι0
1207 155 1231 310 ιλ

240 412 296 473 Dat
318 430 445 490 poenas,
467 421 584 472 noctem
603 414 708 490 patitur
729 412 853 490 lugentis
876 415 997 474 amicum

240 495 373 572 Pelidae,
397 496 483 556 cubat
503 497 532 556 in
554 496 674 570 faciem,
697 513 765 554 mox
782 496 885 557 deinde
907 499 1034 575 supinus.
1176 511 1229 565 280

240 578 319 656 Ergo
342 597 400 638 non
420 580 504 641 aliter
526 581 633 658 poterit
656 577 803 639 dormire?
833 579 1009 653 Quibusdam

240 665 375 723 Somnum
399 665 462 724 rixa
484 663 568 723 iacit:
592 662 644 722 sed
664 665 792 740 quamvis
815 663 962 741 improbus
985 665 1064 724 annis

240 746 337 827 Atque
360 765 440 807 mero
463 746 579 806 fervens
601 754 685 806 cavet
706 745 798 821 bunc,
822 764 907 824 quem
930 749 1050 809 coccina
1071 749 1154 810 laena

242 832 330 890 Vitari
346 830 426 890 iubet
447 839 475 890 et
495 831 629 888 comitum
652 829 836 905 longissimus
859 830 942 906 ordo,

239 913 357 974 blultum
379 923 533 991 praeterea
554 913 728 972 flammarum
750 921 779 972 et
801 930 892 972 aenea
915 913 1039 992 lampas;
1175 927 1223 980 28·

239 996 304 1072 bie,
331 1014 416 1074 quem
435 997 501 1056 luna
524 995 600 1055 solet
622 995 767 1056 deducere
789 995 838 1056 vel
857 995 948 1056 breve
970 997 1066 1057 lumen

240 1079 404 1155 Candelae,
429 1080 508 1140 cuius
531 1079 669 1156 dispenso
693 1088 722 1138 et
740 1088 872 1158 tempero
895 1080 983 1156 iilum,

241 1162 412 1223 Contemnit.
439 1161 575 1236 *Miserae
599 1180 749 1240 cognosce
770 1165 920 1240 prooemia
943 1165 1035 1240 rixae,

239 1247 270 1307 si
289 1248 352 1307 rixa
371 1256 432 1322 est,
455 1245 503 1305 ubi
525 1255 555 1305 tu
577 1245 692 1325 pulsas,
711 1263 768 1324 ego
790 1247 897 1326 vapulo
918 1255 1035 1307 tanturn.

238 1331 301 1390 Stat
324 1340 424 1390 contra
447 1331 575 1408 starique
597 1327 691 1389 iubet:
714 1349 819 1407 parere
841 1348 966 1390 necesse
989 1341 1049 1400 est;
1175 1345 1209 1396 29

238 1413 309 1472 Nam
332 1414 399 1492 quid
419 1431 510 1490 agas,
535 1431 619 1490 quum
642 1421 671 1471 te
693 1413 819 1473 luriosus
842 1423 929 1490 cogat
951 1423 979 1474 et
997 1415 1072 1475 idem

238 1493 375 1556 Fortior?
417 1495 500 1556 Unde
521 1492 625 1555 venis?
644 1496 800 1566 exclamat;
825 1497 905 1556 cuius
929 1508 1025 1574 aceto,

240 1579 327 1640 (laius
349 1579 461 1640 conche
484 1577 597 1639 tumes?
621 1581 684 1658 quis
706 1589 801 1640 tecum
822 1581 924 1640 sectile
946 1599 1063 1660 porrum

239 1667 327 1724 Sutor
349 1673 378 1724 et
399 1663 467 1723 elixi
489 1665 622 1722 vervecis
646 1663 728 1724 labra
751 1661 897 1724 comedit?

237 1746 285 1808 Nil
306 1747 375 1808 mibi
397 1745 583 1826 respondes?
602 1756 650 1806 ant
671 1746 717 1807 dic
740 1757 787 1808 aot
809 1749 910 1825 accipe
933 1747 1056 1806 calcem!
1173 1759 1225 1812 295

237 1831 300 1891 Ede
321 1831 370 1891 ubi
390 1831 548 1901 consistam
571 1831 599 1890 in
622 1848 678 1909 qna
700 1839 730 1891 te
753 1848 861 1910 quaero
881 1827 1120 1908 proseucba'l..

237 1915 345 1975 Dicere
366 1917 390 1975 si
411 1923 535 1994 temptes
557 1913 665 1994 aliquid
685 1917 827 1975 tacitusve
849 1914 984 1989 recedas,

238 1999 425 2060 Tantumdem
447 2009 506 2059 est:
531 1999 637 2058 feriunt
659 1999 784 2077 pariter,
808 1997 969 2058 vadimonia
991 1997 1095 2058 deinde

239 2081 305 2142 lrati
326 2083 448 2152 faciunt;
467 2082 590 2144 ,libertas
613 2082 748 2160 pauperis
771 2079 845 2140 baec
867 2090 927 2140 est:

148 2163 152 2170 '
237 2164 370 2226 Pulsatus
392 2173 478 2243 rogat
498 2175 527 2226 et
549 2166 652 2244 pugnis
676 2164 809 2224 concisus
828 2164 939 2240 adorat,
1171 2175 1223 2229 300

238 2247 275 2308 111
295 2248 383 2308 liceat
403 2251 503 2328 paucis
526 2268 590 2309 cam
609 2247 741 2308 dentibus
763 2247 829 2307 inde
851 2248 968 2306 reverti.

237 2331 300 2392 Nec
316 2341 411 2392 tamen
432 2332 506 2394 baec
528 2342 635 2393 tantum
656 2340 781 2400 metuas;
803 2348 866 2390 narn
889 2330 937 2408 qui
958 2331 1067 2408 spoliet
1089 2340 1118 2390 te

237 2414 302 2475 Non
324 2415 434 2493 decrit,
458 2415 565 2478 clausis
588 2414 719 2476 domibus
739 2422 894 2492 postquam
916 2414 1007 2474 omnis
1026 2413 1133 2493 ubique

238 2497 309 2559 Fixa
334 2508 483 2562 catenatae
506 2500 584 2560 siluit
606 2515 749 2576 compago
769 2497 917 2557 tabernae.

238 2581 381 2644 Interdum
404 2594 433 2644 et
452 2585 532 2644 ferro
556 2581 667 2642 subitus
686 2589 836 2657 grassator
857 2581 915 2658 agit
937 2599 1014 2640 rem:
1173 2593 1222 2645 000

239 2666 356 2727 Armato
379 2669 494 2746 quoties
516 2675 595 2727 tutae
613 2663 733 2748 custode
754 2673 887 2724 tenentur

238 2749 275 2810 Et
293 2751 443 2829 Pomptina
462 2750 546 2828 palus
569 2759 598 2809 et
619 2745 773 2808 Gallinaria
795 2748 890 2826 pinus,

239 2836 288 2894 sic
311 2833 377 2893 inde
396 2835 452 2894 huc
475 2851 575 2892 omnes
597 2841 739 2910 tamquam
758 2831 794 2891 ad
813 2831 923 2890 vivaria
946 2837 1072 2893 currunt.

239 2917 302 2990 Qua
322 2917 443 2978 fornace
465 2934 588 2993 graves,
610 2933 666 2993 qua
688 2931 746 2973 non
765 2915 868 2974 incude
887 2907 1029 2973 catenae?

240 2999 378 3063 blarimus
400 3001 427 3058 in
448 2998 552 3059 vinclis
572 2997 642 3058 ierri
663 2997 781 3074 modus,
800 3007 831 3056 ut
851 2999 971 3072 timeas,
993 3013 1031 3054 ne
1173 3008 1222 3062 310

239 3083 349 3143 Vomer
371 3083 502 3156 dedolat,
524 3099 561 3140 ne
579 3099 690 3142 marrae
714 3090 742 3140 et
763 3081 877 3142 sarcula
899 3080 1002 3141 desint.

238 3165 354 3227 Felices
378 3182 552 3245 proavorum
575 3175 693 3240 atavos,
715 3164 813 3224 felicia
834 3164 913 3225 dicas

239 3250 363 3328 Secula,
388 3267 462 3328 quae
485 3249 628 3328 quondam
648 3248 700 3308 sub
721 3248 838 3326 regibus
861 3257 947 3326 atque
969 3245 1088 3306 tribunis

239 3333 380 3395 Viderunt
402 3351 458 3393 uno
481 3341 644 3394 contentam
667 3351 786 3392 carcere
809 3333 938 3392 Romam.

281 3417 332 3478 llis
352 3419 424 3480 alias
446 3426 577 3497 poteram
600 3427 629 3478 et
653 3417 753 3496 plures
775 3416 949 3476 subnectere
973 3429 1088 3474 causas:
1176 3422 1218 3476 310

241 3502 300 3564 Sed
322 3505 446 3566 iumenta
465 3511 588 3575 vocant,
613 3511 641 3562 et
661 3501 707 3562 sol
728 3499 859 3566 inclinat:
881 3496 1003 3560 eundum
1027 3504 1080 3557 est.
