2460 4004
544 267 579 314 D·
601 266 673 314 IUN.
696 263 882 313 lavandus

531 565 875 632 SATIRAXVI.

209 702 286 806 (duis
306 745 458 788 numerare
481 735 569 806 queat
591 727 686 788 lelicis
709 726 854 804 praemia,
879 723 966 802 Galli,

207 809 351 879 Militiae?
373 829 437 872 nam
462 812 486 871 si
508 809 665 870 subeuntur
686 826 829 888 prospera
852 817 958 884 castra,

208 901 257 962 lle
279 896 412 976 pavidum
434 895 561 972 excipiat
587 895 710 954 tironem
734 901 819 971 porta
845 891 973 952 secundo

209 984 322 1046 Sidere.
363 979 431 1039 Plus
456 979 562 1038 etenim
585 977 636 1038 fati
660 977 740 1037 valet
761 977 833 1036 hora
857 975 986 1054 benigni,

209 1067 302 1141 Quam
324 1063 349 1122 si
372 1078 426 1122 nos
443 1060 568 1122 Veneris
589 1061 771 1122 conamendet
793 1059 918 1138 epistola
940 1055 1022 1120 blarti

208 1150 246 1211 Et
269 1147 364 1209 Samia
390 1146 525 1224 genetrix
548 1163 623 1224 quae
648 1143 811 1204 delectatur
834 1160 932 1203 arena.

252 1228 409 1293 Commoda
433 1237 591 1290 tractemus
615 1229 734 1306 primum
758 1227 937 1302 communia,
965 1243 1087 1305 quorum

209 1316 291 1378 Haud
317 1313 459 1374 minimum
480 1312 551 1374 illud
574 1313 645 1387 erit,
668 1320 756 1372 nete
780 1310 898 1389 pulsare
918 1320 1035 1388 togatus

208 1400 340 1474 Audeat,
362 1397 448 1456 immo
472 1405 517 1472 et,
541 1397 565 1455 si
589 1396 736 1474 pulsetur,
759 1393 919 1454 dissimulet
940 1413 996 1454 nec

208 1483 325 1545 Audeat
349 1497 492 1542 excussos
513 1480 643 1558 praetori
666 1476 822 1539 ostendere
848 1478 950 1539 dentes

208 1568 246 1629 m
267 1568 377 1644 nigram
402 1566 431 1624 in
453 1564 529 1625 laoic
551 1563 665 1624 tumidis
689 1561 829 1622 livoribus
855 1562 941 1622 ollam
1031 1559 1038 1568 “

208 1652 305 1730 Atque
328 1648 443 1708 oculum
464 1647 580 1708 medico
602 1646 642 1706 nil
666 1646 851 1725 promittente
873 1646 1016 1706 relictum.

208 1734 367 1796 bardaicus
389 1732 477 1790 iudex
498 1731 580 1790 datur
603 1731 677 1790 baec
700 1731 802 1808 punire
823 1729 944 1806 volenti,

210 1815 337 1880 Calceus
362 1823 391 1874 et
412 1813 538 1892 grandes
558 1831 660 1890 magna
682 1814 718 1874 ad
742 1811 882 1873 subsellia
906 1831 1002 1889 surae,

208 1899 335 1979 Legibus
359 1899 483 1977 antiquis
506 1906 664 1958 castrorum
687 1905 717 1956 et
737 1913 818 1956 more
842 1894 955 1962 Camilli

209 1986 350 2059 Servato,
375 1982 459 2042 miles
484 2000 521 2042 ne
546 1981 652 2042 vallum
674 1980 769 2058 litiget
794 1990 877 2040 extra

209 2068 246 2134 Et
272 2066 376 2147 procul
398 2084 415 2125 a
437 2067 537 2142 signis.
573 2063 731 2125 lustissima
758 2065 956 2124 centurionum

210 2150 345 2229 Cognitio
369 2157 414 2208 est
440 2150 528 2226 igitur
553 2148 588 2209 de
610 2147 717 2223 milite,
741 2166 797 2206 nec
819 2148 887 2208 mihi
909 2148 1002 2208 decrit

209 2234 305 2309 llltio,
329 2233 354 2291 si
377 2233 471 2291 iustae
494 2232 624 2292 defertur
646 2249 733 2292 cansa
759 2231 923 2310 querellae:
1213 2287 1215 2302 ,

208 2317 282 2379 l'ota
308 2314 414 2376 cohors
438 2323 533 2376 tamen
556 2324 601 2375 ast
623 2316 751 2391 inimica,
777 2332 935 2395 omnesque
956 2317 1075 2396 manipli
1117 2361 1122 2370 .
1158 2326 1187 2378 to
1212 2329 1218 2389 j

209 2399 363 2462 Consensu
387 2416 492 2476 magno
515 2399 658 2475 alliciunt,
683 2398 820 2460 curabilis
844 2408 874 2458 ut
897 2403 934 2458 sit
1212 2403 1218 2418 ‘¹

208 2483 342 2545 Vindicta
364 2491 393 2542 et
415 2484 533 2560 gravior
556 2500 640 2563 quam
662 2483 772 2543 iniuria.
808 2482 932 2560 Dignum
958 2485 1012 2543 crit
1035 2501 1109 2562 ergo
1216 2493 1217 2500 ’

208 2566 420 2630 Declamatoris
442 2566 550 2627 mulino
574 2566 663 2626 corde
683 2566 810 2644 Vagelli,

209 2652 303 2726 Quum
325 2651 382 2710 duo
405 2668 489 2712 crura
511 2649 639 2726 babeas,
667 2651 818 2712 ollenderc
844 2659 887 2710 tot
910 2650 1039 2729 caligas,
1065 2659 1110 2711 tot

207 2733 287 2796 blilia
324 2734 480 2795 clavorum.
520 2733 592 2809 Quis
618 2743 675 2795 tam
697 2734 801 2814 procul
827 2734 902 2795 absit
924 2734 959 2794 ab
984 2733 1057 2794 urbe
1157 2741 1188 2794 m
1217 2751 1218 2794 l

210 2815 382 2894 Praeterea,
410 2820 474 2899 quis
496 2827 553 2878 tam
575 2817 716 2894 Pylades,
738 2817 843 2878 molem
866 2821 983 2896 aggeris
1006 2818 1081 2880 ultra
1217 2819 1218 2824 ’

208 2901 246 2963 Ut
267 2900 385 2963 veniatl
409 2903 546 2963 lacrimae
570 2903 715 2962 siccentur
738 2904 883 2985 protinus,
907 2912 992 2964 etse

208 2985 409 3046 Excusaturos
430 3003 488 3046 non
512 2986 705 3046 sollicitemus
728 2988 846 3048 amicos.

207 3069 252 3131 Da
274 3078 331 3130 test
388 3115 397 3146 ,
422 3070 510 3130 iudex
535 3088 620 3148 quum
647 3070 765 3146 dixerit,
794 3069 898 3131 audeat
919 3070 971 3131 ille

207 3153 316 3214 Nescio
334 3089 427 3232 eaddis,
450 3171 565 3231 pugnos
588 3155 636 3231 qui
660 3155 745 3231 vidit,
769 3154 885 3215 dicere:
909 3154 982 3213 vidi:
1157 3157 1191 3212 ab

207 3234 245 3298 Et
270 3236 386 3297 credam
408 3237 523 3313 dignum
546 3236 637 3298 barba
661 3237 835 3318 dignumque
860 3237 972 3316 capillis

206 3319 357 3381 blaiorum.
397 3317 488 3380 Citius
511 3321 615 3382 falsum
637 3323 802 3401 producere
825 3331 930 3382 testem

208 3402 316 3466 Gontra
340 3421 484 3483 paganum
508 3407 623 3484 possis,
645 3424 730 3485 quam
752 3425 823 3466 vera
847 3406 1015 3483 loquentem

208 3485 316 3550 Contra
341 3488 483 3550 fortunam
505 3491 605 3551 armati
629 3499 788 3569 contraque
814 3489 965 3568 pudorem.

1118 1048 1184 1122 0,
