2480 4006
417 268 542 316 sauma
564 269 612 316 vr.
987 259 1026 319 35

38 408 121 482 Quae
145 408 217 485 iugit
239 426 256 467 5
279 403 374 467 sexu?
406 407 494 467 Vires
517 404 612 467 amati
637 407 712 468 baec
733 417 828 469 tamen
852 410 914 488 ipsa

36 493 88 552 Vir
109 491 201 552 nollet
223 491 301 560 lieri;
325 509 389 550 nam
413 491 547 568 quantula
569 499 669 550 nostra
690 492 841 570 voluptas!

38 576 131 649 Quale
154 576 244 636 decus
267 593 380 650 rerum,
406 575 430 632 si
453 575 585 651 coniugis
608 576 704 634 auctio
727 575 787 652 ilat,
974 589 1026 641 2⁵5

36 660 154 720 Balteus
177 667 206 718 et
228 660 358 719 manicae
383 667 412 717 et
433 660 540 718 cristae
564 659 715 737 crurisque
738 660 846 719 sinistri

37 744 190 805 Dimidium
215 743 356 820 tegimem
379 741 428 801 vel
453 743 478 801 si
498 742 614 802 diversa
636 742 765 803 movebit

37 828 171 904 Proelia,
194 835 224 885 tu
246 825 335 902 ielin,
359 843 463 886 ocreas
485 826 631 886 vendente
654 827 770 904 puella!

36 912 96 972 Hae
119 919 203 986 sunt,
229 927 304 988 quae
330 911 408 970 tenui
431 910 533 970 sudant
554 911 582 969 in
606 911 745 987 cyclade,
770 929 889 991 quarum

36 995 166 1056 Delicias
190 1003 219 1054 et
240 993 411 1072 panniculus
435 993 626 1069 bombycinus
647 993 724 1053 uritl
975 1005 1028 1060 260

37 1080 164 1158 Aspice,
188 1094 247 1156 quo
270 1078 385 1138 fremitu
408 1087 584 1138 monstratos
607 1078 738 1156 perierat
759 1080 844 1154 ictus,

37 1162 71 1222 lit
94 1169 203 1242 quanto
227 1161 333 1240 galeae
359 1171 495 1221 curvetur
516 1162 667 1240 pondere,
690 1172 795 1240 quanta

38 1245 198 1325 Poplitibus
221 1246 324 1307 sedeat
348 1263 432 1324 quam
453 1246 545 1308 denso
568 1246 659 1306 iascia
685 1245 771 1322 libro,

37 1330 72 1390 Et
94 1330 175 1405 ride,
199 1331 302 1408 positis
325 1328 475 1407 scaphium
497 1347 582 1408 quum
605 1331 724 1389 sumitur
747 1332 841 1389 armis.

37 1413 132 1473 Dicite
154 1429 209 1473 vos
233 1423 337 1492 neptes
358 1412 458 1491 Lepidi
481 1414 601 1473 caecive
623 1411 747 1488 Metelli,
976 1423 1027 1476 265

39 1498 164 1575 Gurgitis
187 1505 235 1557 aut
257 1496 355 1570 Fabii,
379 1514 453 1575 quae
475 1497 551 1556 ludia
573 1497 728 1572 sumpserit
747 1513 878 1575 umquam

38 1581 95 1640 lios
119 1580 250 1649 babitus3
275 1580 389 1659 quando
413 1580 449 1639 ad
472 1580 567 1658 palum
590 1588 688 1656 gemat
710 1597 785 1638 uxor
807 1579 912 1655 Asyli'l

78 1667 205 1745 Semper
224 1663 313 1724 babet
335 1664 402 1724 lites
426 1663 595 1742 alternaque
618 1663 713 1740 iurgia
734 1663 840 1738 lectus,

39 1749 148 1828 lnquo
170 1757 257 1828 nupta
280 1750 370 1818 iacet;
393 1749 535 1808 minimum
557 1747 695 1807 dormitur
716 1748 744 1805 in
767 1746 829 1807 illo.

38 1831 131 1905 Duum
153 1835 251 1910 gravis
274 1832 324 1894 illa
347 1834 427 1910 viro,
452 1841 520 1892 tunc
543 1831 614 1891 orba
635 1832 742 1908 tigride
765 1833 850 1909 peior
976 1840 1028 1894 270

40 1916 145 1993 [Quum
169 1916 283 1977 simulat
305 1918 428 1993 gemitus
450 1915 557 1975 occulti
581 1915 698 1973 conscia
721 1914 820 1991 iacti,]

41 1999 94 2058 but
118 2000 180 2060 odit
202 2015 328 2078 pueros,
354 2008 402 2059 aut
423 1998 490 2058 licta
516 1997 626 2075 pellice
648 1997 756 2076 plorat,

42 2081 184 2142 Uberibus
208 2099 325 2160 semper
345 2081 470 2140 lacrimis
493 2097 668 2158 semperque
689 2081 798 2158 paratis

41 2164 69 2222 ln
90 2167 217 2226 statione
241 2182 292 2223 sua
315 2173 402 2242 atque
424 2163 660 2243 exspectantibus
682 2163 771 2240 illam,

42 2247 102 2320 Quo
129 2248 228 2309 iubeat
251 2265 367 2308 manare
389 2248 491 2308 modo:
514 2257 544 2308 tu
567 2247 662 2308 eredis
684 2265 822 2324 amorem,
976 2255 1027 2310 275

42 2329 81 2388 15
102 2333 155 2393 tibi
180 2341 248 2392 tunc
271 2331 368 2392 Unuca
391 2331 491 2410 places
514 2332 671 2410 fletumque
694 2331 811 2392 labellis

43 2411 208 2491 Exsorbes,
232 2433 306 2495 quae
328 2416 437 2494 scripta
460 2425 489 2475 et
513 2425 582 2494 quot
604 2415 716 2476 lecture
739 2415 875 2492 tabellas,

43 2497 70 2555 Si
91 2499 142 2558 tibi
165 2498 319 2578 zelotypae
342 2508 511 2577 retegantur
531 2501 637 2560 scrinia
659 2499 817 2560 moechae!

44 2579 98 2641 Sed
125 2584 201 2642 iaeet
220 2584 248 2641 in
274 2585 352 2644 servi
375 2583 576 2662 complexibus
602 2592 650 2644 aut
672 2585 793 2663 equitis;
817 2583 874 2658 dio,

44 2661 95 2723 Dic
117 2666 259 2744 aliquem,
283 2667 388 2742 sodes,
412 2667 476 2741 hio,
501 2666 692 2742 Quintiliane,
718 2665 862 2726 colorem!
976 2675 1028 2726 280

45 2743 214 2818 Haeremus;
238 2749 285 2810 die
306 2751 382 2830 ipsa!
396 2783 437 2798 -·
461 2748 536 2808 Olim
557 2758 750 2824 convenerat,
773 2750 874 2825 inquit,

45 2827 79 2886 Ut
102 2831 218 2892 laceres
240 2842 286 2908 tu,
310 2833 386 2912 quod
408 2833 521 2909 velles,
543 2849 599 2892 nec
622 2849 680 2890 non
704 2847 760 2907 ego
783 2846 902 2909 possem

45 2908 196 2993 indulgere
219 2916 302 2976 mihi:
329 2917 437 2976 clames
459 2917 529 2976 lieet
552 2924 580 2974 et
602 2933 682 2974 mare
705 2913 792 2974 coelo

47 2991 224 3075 Uoniundas,
247 2999 334 3059 homo
357 3018 429 3062 sum.
454 3034 497 3046 —
519 2998 596 3058 Nihil
619 3007 665 3057 est
687 2997 823 3058 audacius
845 2995 903 3055 illis

46 3075 219 3157 Deprensis:
246 3084 317 3142 iram
341 3092 427 3162 atque
451 3083 561 3142 animos
587 3101 604 3141 e
629 3083 746 3142 erimine
769 3088 890 3141 sumunt.
976 3090 1028 3143 285

84 3163 165 3226 Unde
188 3165 263 3226 baec
284 3175 411 3225 monstra
432 3174 527 3225 tamen
551 3167 599 3226 rel
623 3183 681 3245 quo
693 3166 730 3226 de
752 3167 849 3243 fonte,
872 3163 1017 3245 requiris?

48 3242 210 3310 Praestabat
237 3259 332 3309 castas
355 3249 468 3309 humilis
489 3247 603 3309 iortuna
626 3250 739 3311 Latinas

51 3324 210 3408 Quondam,
233 3350 289 3392 nee
310 3334 386 3392 vitiis
410 3333 537 3411 contingi
561 3351 647 3410 parva
673 3334 805 3394 sinebant

50 3407 132 3476 'lecta
154 3415 239 3476 labor
260 3417 410 3494 somnique
431 3416 538 3477 breves
562 3425 592 3476 et
619 3417 730 3476 vellere
751 3416 847 3476 Tusco

51 3490 173 3559 Venetae
196 3500 344 3576 duraeque
364 3518 463 3559 manus
489 3519 524 3560 ac
545 3500 694 3577 proximus
718 3498 795 3638 urbi3
809 3577 824 3612 *
976 3507 1028 3560 290
