2460 4004
209 256 251 317 56
301 263 302 268 ’
554 269 589 316 n.
611 267 682 315 suu.
706 269 892 345 muraneum

211 407 323 482 Quanta
345 414 440 466 autem
463 407 529 467 inde
555 408 635 467 feres
656 415 712 466 tam
735 407 814 467 dirae
838 409 964 483 praemia
987 411 1106 491 culpae,

210 489 302 564 Quum
323 499 426 549 tenues
449 508 542 569 nuper
563 490 669 550 Narius
693 491 860 550 discinxerit
880 489 989 552 diros?
1154 509 1210 562 120

211 571 373 634 Curandum
395 574 423 632 in
445 575 560 652 primis,
585 592 621 632 ne
647 591 749 651 magna
773 574 874 632 iniuria
898 573 946 634 liat

208 657 345 718 Fortibus
365 665 394 716 et
409 658 532 717 miseris.
563 655 663 718 l’ollas
684 658 753 717 licet
771 673 855 717 omne
877 659 954 735 quod
973 678 1093 738 usquam
1125 673 1179 722 est

209 741 281 800 Auri
303 749 390 819 atque
418 742 548 818 argenti,
575 749 685 799 scutum
707 741 892 818 gladiumque
914 743 1062 822 relinques

208 825 246 884 llt
267 824 391 885 iaculum
417 833 446 884 et
467 825 596 903 galeam:
623 824 755 901 spoliatis
778 843 856 885 arma
881 837 1043 903 supersunt.

209 907 295 982 Quod
322 907 407 967 modo
431 909 587 986 proposui,
611 924 667 966 non
690 917 735 966 est
758 909 914 975 sententia;
938 929 1036 970 rerum
1061 921 1125 980 est;
1153 927 1208 978 125

209 989 327 1052 credite
350 1009 395 1050 me
421 991 506 1050 vobis
528 991 628 1050 lolium
650 992 775 1050 recitare
798 991 939 1066 Sibyllae.

116 1115 117 1120 κ
207 1077 239 1136 Si
264 1073 316 1133 tibi
340 1083 438 1134 sancta
462 1075 569 1135 cohors
596 1076 746 1151 comitum,
770 1077 794 1134 si
816 1093 900 1134 nemo
923 1076 1047 1137 tribunal

206 1157 314 1218 Vendit
342 1174 562 1234 aoerscoomes‚
591 1159 615 1216 si
638 1158 745 1217 nullum
769 1160 797 1218 in
820 1161 944 1236 coniuge
970 1163 1090 1238 crimen,

149 1263 156 1272 ·
207 1241 271 1305 Nec
295 1257 349 1318 per
371 1250 530 1300 conventus
553 1250 582 1301 et
605 1250 707 1301 cuncta
726 1247 783 1320 per
805 1242 911 1321 oppida
934 1245 1030 1303 curvis

207 1323 357 1400 Unguibus
379 1325 422 1383 ire
447 1334 529 1402 parat
550 1342 679 1384 nummos
700 1335 817 1404 raptura
840 1324 984 1387 Celaeno:

207 1407 250 1468 'l'u
272 1406 342 1466 licet
366 1425 381 1467 a
407 1407 476 1467 Pico
503 1405 770 1487 numeres'genus²
798 1410 912 1488 altaque
937 1412 961 1469 si
982 1419 1011 1470 te

206 1490 329 1550 Nomina
355 1490 517 1567 delectant,
543 1509 655 1552 ornnem
679 1492 808 1554 Titanida
832 1511 955 1571 pugnam
1056 1531 1059 1534 -

208 1573 285 1636 luter
312 1575 438 1634 maiores
464 1577 617 1654 ipsumque
640 1575 811 1636 Promethea
835 1593 941 1654 ponas:

206 1658 252 1718 De
275 1674 458 1737 quocumque
481 1659 566 1718 voles
590 1677 728 1736 proavum
752 1660 802 1719 tibi
826 1662 928 1720 sumito
952 1661 1037 1720 libro.

208 1741 293 1815 Quod
317 1742 340 1800 si
365 1743 555 1820 praecipitem
579 1744 655 1820 rapit
680 1743 796 1803 ambitio
825 1752 911 1822 atque
934 1744 1035 1819 libido,

209 1826 238 1885 Si
261 1824 372 1902 frangis
394 1826 491 1902 virgas
515 1827 660 1885 sociorum
682 1827 710 1884 in
733 1828 888 1904 sanguine,
912 1829 935 1896 si
958 1837 988 1888 te

209 1908 364 1972 Delectant
385 1908 509 1968 hebetes
532 1909 611 1970 lasso
636 1910 740 1970 lictore
765 1929 903 1970 secures:

206 1992 310 2070 Incipit
333 1993 462 2071 ipsorum
481 2002 579 2055 contra
605 2003 635 2054 te
657 2002 734 2055 stare
758 2003 907 2072 parentum

207 2076 350 2136 Nobilitas
376 2076 539 2154 claramque
563 2077 657 2138 facem
679 2078 829 2155 praeferre
856 2077 1005 2156 pudendis.

208 2158 298 2218 Omne
321 2160 404 2218 animi
429 2159 527 2220 vitium
551 2169 629 2220 tanto
652 2163 839 2240 conspectius
860 2164 889 2220 in
911 2181 943 2220 se

209 2240 325 2301 Crimen
348 2241 453 2317 habet,
476 2253 581 2322 quanto
605 2245 696 2304 maior
717 2247 765 2324 qui
789 2254 893 2323 peccat
919 2245 1051 2305 habetur.

207 2323 271 2398 Quo
295 2324 362 2384 mibi
382 2334 411 2384 te
434 2326 548 2384 solitum
570 2327 660 2387 falsas
684 2329 799 2404 signare
821 2329 944 2388 tabellas

206 2407 238 2466 ln
265 2407 396 2486 templis,
427 2427 501 2486 quae
527 2409 596 2470 fecit
618 2429 703 2486 avus,
731 2421 910 2490 statuamque
933 2413 1062 2490 parentis

206 2490 281 2550 Ante
308 2490 528 2569 triumphalem?
552 2511 625 2572 quo,
650 2495 674 2552 si
699 2504 854 2555 nocturnus
876 2495 988 2556 adulter

206 2573 351 2652 Tempora
372 2575 529 2635 Santonico
555 2577 639 2637 velas
663 2579 803 2657 adoperta
826 2575 963 2639 cucullo?

247 2657 367 2718 Praeter
390 2661 527 2719 maiorum
555 2663 667 2721 cineres
692 2673 776 2740 atque
801 2679 868 2723 ossa
891 2663 1004 2722 volucri

205 2737 351 2819 Carpento
377 2745 485 2820 rapitur
509 2746 622 2823 pinguis
645 2745 819 2823 Lateranus,
848 2749 982 2824 etipse,

205 2823 271 2902 lpse
298 2834 389 2886 rotam
415 2829 545 2905 astringit
569 2829 657 2889 multo
682 2830 841 2890 sufflamine
868 2830 979 2904 consul,

204 2906 298 2967 Nocte
326 2910 456 2987 quidem;
484 2913 536 2973 sed
559 2913 624 2972 luna
645 2914 741 2989 videt,
767 2914 819 2974 sed
842 2915 937 2974 sidera
959 2922 1052 2973 testes

204 2991 355 3052 lutenduut
378 2994 489 3054 oculos.
526 2993 646 3055 Finitum
670 3005 783 3076 tempus
806 2997 925 3057 honoris

205 3074 421 3154 occuluerit,
449 3079 527 3139 clara
551 3077 708 3138 Lateranus
736 3081 801 3140 luce
827 3080 972 3158 flagellum

204 3159 303 3218 Sumet
325 3169 353 3220 et
376 3177 528 3221 occursum
549 3180 700 3240 numquam
720 3165 876 3242 trepidabit
898 3165 980 3224 amici

204 3240 262 3302 lam
285 3245 379 3320 senis,
405 3262 440 3304 ac
463 3246 545 3320 virga
567 3247 647 3322 prior
669 3257 773 3306 annuet
798 3257 883 3328 atque
906 3249 1050 3326 maniplos

204 3325 307 3386 Solvet
329 3337 358 3387 et
383 3327 512 3386 infundet
534 3329 665 3388 iumentis
688 3329 798 3391 hordea
820 3332 915 3390 lassis.

204 3409 335 3484 Interea,
362 3411 426 3469 dum
450 3409 560 3470 lanatas
583 3411 743 3492 robumque
766 3415 917 3475 iuvencum

205 3491 288 3551 llloro
310 3491 419 3550 Numae
443 3493 537 3553 caedit
559 3493 637 3554 lovis
661 3507 725 3557 ante
749 3498 866 3566 altaria,
893 3500 967 3558 iurat
