2460 4004
209 256 249 318 88
534 269 570 316 D.
586 269 658 344 suu.
675 269 860 317 mvnunuus

208 408 290 470 llaec
309 416 396 488 quota
419 425 487 486 pars
510 405 671 482 scelerum,
695 423 770 484 quae
789 415 889 466 custos
909 404 1038 467 Gallicus
1059 408 1139 470 urbis

208 492 309 570 Usque
330 510 347 553 a
366 491 509 567 lucifero,
533 490 627 551 donec
650 490 699 550 lux
722 489 852 564 occidat,
876 487 975 550 auditi

208 575 328 635 Humani
350 575 468 654 generis
490 591 588 634 mores
610 573 663 634 tibi
684 589 773 634 nosse
795 573 906 633 volenti

209 658 399 719 sollicitune
421 658 538 726 domus;
562 674 672 736 paucos
695 674 833 718 consume
855 658 934 734 dies,
962 666 992 717 et
1142 672 1191 724 160

208 742 317 802 Dicere
341 751 371 802 te
394 743 546 818 miserum,
571 750 724 820 postquam
745 741 824 800 illinc
844 743 979 817 veneris,
1005 743 1091 802 aude.

209 826 280 900 Quis
302 825 438 886 tumidum
459 833 556 902 guttur
577 825 694 884 miratur
713 825 742 883 in
763 821 909 904 Alpibus?
932 834 980 885 aut
1003 827 1068 903 quis

207 908 240 969 In
263 908 365 968 Meroe
391 925 492 970 crasso
514 909 652 968 maiorem
673 908 781 968 infante
806 906 980 969 mamillam?

209 989 334 1054 Caerula
357 994 421 1072 quis
444 993 552 1070 stupuit
573 989 706 1052 Germani
730 991 851 1068 lumina,
874 991 976 1052 bavam

209 1073 376 1136 caesariem
399 1084 429 1135 et
448 1075 561 1136 madido
583 1083 765 1154 torquentem
789 1093 896 1136 cornua
918 1077 1019 1135 cirro?
1145 1089 1191 1142 165

207 1158 320 1238 Nempe
343 1160 421 1238 quod
442 1158 516 1220 baec
539 1159 597 1219 illis
619 1168 719 1220 natura
741 1168 787 1220 est
810 1157 940 1220 omnibns
962 1179 1026 1220 una.

209 1241 255 1302 lld
276 1241 386 1304 subitas
407 1240 550 1304 Thracum
570 1241 708 1303 volucres
730 1242 892 1321 nubemque
916 1259 1051 1306 sonoram

208 1326 370 1402 Pygmaeus
391 1327 489 1405 parvis
512 1327 600 1387 currit
621 1325 749 1387 bellator
770 1328 798 1385 in
822 1328 918 1403 armis,
1217 1393 1218 1397 Ἰ

210 1407 276 1469 Nox
298 1410 390 1489 impar
412 1409 489 1470 hosti
509 1419 667 1489 raptusque
691 1428 746 1489 per
766 1427 835 1470 aera
860 1411 956 1469 curvis
1217 1404 1220 1469 l

206 1491 357 1569 Unguibus
378 1512 395 1555 a
417 1511 506 1554 saeva
527 1495 619 1554 fertur
639 1513 728 1572 grue:
753 1495 779 1553 si
799 1493 900 1554 videas
923 1493 980 1554 boc
1084 1537 1088 1546 ·
1145 1509 1189 1562 rto
1216 1490 1220 1552 l

209 1574 347 1637 Gentibus
372 1578 400 1638 iu
421 1579 546 1654 uostris,
569 1579 629 1638 risu
651 1579 795 1658 quatiare;
820 1578 873 1637 sed
896 1577 966 1653 illic,
1215 1571 1216 1581 ’

208 1658 386 1740 Quamquam
407 1660 508 1721 eadem
531 1661 648 1722 assidue
670 1669 840 1740 spectentur
861 1660 991 1739 proelia,
1015 1664 1093 1724 ridet
1122 1703 1125 1710 -
1213 1684 1220 1721 u

207 1741 315 1818 Nemo,
338 1744 387 1804 ubi
409 1752 470 1804 tota
491 1744 598 1804 cohors
622 1745 699 1823 pede
720 1761 778 1803 non
800 1753 846 1804 est
867 1744 952 1804 altior
972 1763 1040 1806 uno.
1210 1743 1219 1803 'e

250 1825 375 1888 Nullane
399 1829 509 1906 periuri
531 1829 634 1907 capitis
655 1828 823 1906 fraudisque
846 1827 988 1888 nefandae
1205 1772 1218 1898 Ia

207 1911 305 1971 Poena
327 1908 402 1972 erit?
415 1945 458 1960 ·-
475 1913 637 1990 Abreptum
659 1911 747 1972 crede
769 1912 845 1972 bunc
863 1914 1000 1991 graviore
1020 1922 1125 1973 catena
1144 1922 1188 1976 175
1202 1916 1220 1976 ll

208 2077 353 2147 Arbitrio;
375 2089 471 2140 manet
495 2078 545 2140 illa
567 2089 663 2140 tamen
678 2081 804 2155 iactura,
827 2096 883 2138 uec
901 2097 1034 2158 umquam

207 2161 379 2240 Depositum
400 2161 452 2222 tibi
473 2179 579 2241 sospes
601 2164 670 2238 erit,
696 2163 750 2224 sed
775 2179 901 2241 corpore
923 2171 1025 2224 trunco

208 2239 352 2305 Invidiosa
374 2244 453 2305 dabit
474 2248 604 2306 minimus
627 2246 731 2307 solatia
753 2247 935 2324 sanguis.-

1218 2195 1220 2239 l

208 2327 247 2386 At
265 2327 391 2388 vindicta
414 2327 520 2392 bonum
538 2330 598 2390 vita
620 2331 771 2391 iucundius
792 2331 865 2408 ipsa.
893 2365 935 2378 -

207 2409 321 2490 Nempe
344 2411 402 2471 hoc
422 2411 549 2489 indocti,
574 2430 694 2492 quornm
716 2413 889 2492 praecordia
911 2413 998 2474 nullis

208 2493 353 2554 Interdum
373 2503 421 2554 aut
442 2495 557 2555 leuibus
578 2496 679 2558 videas
701 2497 850 2574 flagrantia
876 2498 986 2558 causis:

209 2577 477 2658 Quantulacumque
499 2579 574 2640 adeo
597 2590 642 2640 est
664 2584 800 2656 occasio,
824 2581 931 2642 sufficit
952 2582 1024 2640 irae.

210 2658 390 2740 Chrysippus
411 2679 469 2723 nou
491 2662 569 2724 dicet
593 2665 669 2726 idem
690 2683 746 2724 nec
767 2667 835 2724 mite
858 2659 994 2725 Thaletis

207 2743 356 2822 Ingenium
380 2745 515 2828 dulcique
538 2767 630 2810 senex
651 2749 762 2808 vicinus
780 2747 927 2824 Hymetto,
1146 2758 1191 2812 185

208 2827 265 2901 Qui
289 2838 400 2907 partem
424 2841 566 2911 acceptae
589 2849 677 2893 saeva
698 2833 773 2892 inter
795 2831 891 2892 vincla
914 2833 1027 2892 cicutae

207 2911 382 2973 Accusatori
405 2915 497 2976 nollet
519 2916 599 2977 dare.
644 2915 767 2976 Plurima
788 2915 862 2976 ielix

207 2994 346 3056 Paulatim
367 2999 436 3059 vitia
460 3008 546 3078 atque
568 3017 686 3060 errores
709 3000 788 3058 exuit
809 3016 921 3074 omnes,

207 3077 301 3140 Prima
323 3079 411 3142 docet
435 3092 547 3144 rectum
567 3084 721 3162 sapientia:
746 3085 856 3162 quippe
878 3083 976 3142 minuti

208 3161 333 3241 Semper
355 3174 385 3225 et
404 3165 506 3226 inlirmi
530 3175 576 3226 est
600 3167 685 3226 animi
709 3168 864 3244 exiguique
887 3165 1024 3243 voluptas
1145 3170 1192 3224 19⁰

207 3244 301 3306 Ultio:
326 3249 461 3308 continuo
484 3250 528 3308 sic
549 3249 673 3326 collige,
698 3250 776 3328 quod
798 3249 924 3310 vindicta

207 3327 300 3388 Nemo
322 3332 414 3408 magis
435 3331 560 3410 gaudet,
583 3351 668 3411 quam
690 3333 805 3393 femina.
851 3329 910 3392 Gur
930 3340 1027 3392 tamen
1049 3331 1107 3393 laos
1130 3339 1160 3391 tu

207 3410 347 3472 Evasisse
370 3422 470 3492 putes,
494 3432 568 3494 quos
592 3414 646 3475 diri
672 3417 790 3476 conscia
811 3416 882 3476 facti
1012 3451 1016 3456 ·

207 3493 290 3554 llens
313 3494 401 3556 babet
422 3500 560 3559 aconitos
582 3508 611 3560 et
631 3499 719 3560 surdo
740 3499 867 3559 verbere
890 3497 987 3559 caedit

207 1991 340 2055 Protinus
364 2005 394 2056 et
415 2003 515 2056 nostro
538 1996 622 2075 (qnid
647 1995 713 2074 plus
735 1993 807 2056 velit
828 1993 909 2075 irai)
933 1997 1034 2057 necari
1207 2017 1220 2094 n

1205 2101 1211 2138 l

1143 1984 1216 2490 mN

1218 2607 1220 2626 l

1213 2632 1220 2649 ,r
