2460 4004
215 231 256 292 92
543 241 579 288 o.
600 240 671 288 rou.
694 237 881 287 novensem

217 381 352 442 clamore
374 398 409 440 ac
431 388 499 458 post
523 379 598 438 baec
620 377 732 438 tabulas
754 386 865 437 mutare
890 375 1022 456 parabis:
1169 389 1198 440 tt

216 464 299 525 Unde
320 464 371 523 tibi
393 464 517 524 frontem
539 463 763 540 libertatemque
784 463 925 540 parentis,

218 547 310 621 Quum
332 547 422 622 iacias
447 547 549 626 peiora
571 564 664 606 senex
685 562 865 622 vacuumque
890 544 1014 605 cerebro

216 631 409 710 Iampridem
432 639 519 708 caput
542 629 601 690 boc
624 637 747 690 ventosa
772 627 921 689 cucurbita
948 624 1093 706 quaerat?

259 714 383 793 Hospite
405 722 543 790 venturo,
567 713 695 774 cessabit
719 729 804 772 nemo
831 721 953 772 tuorum.

219 797 312 858 Verre
333 798 542 876 pavimentum,
564 797 668 857 nitidas
691 795 814 856 ostende
836 796 995 870 columnas,
1169 805 1197 858 tt

218 882 308 942 Arida
331 899 395 941 cum
417 889 478 941 tota
502 879 662 941 descendat
685 897 791 941 aranea
812 880 883 956 tela,

218 964 271 1024 llic
294 964 361 1024 leve
384 972 551 1042 argentum,
575 981 646 1024 vasa
670 981 775 1042 aspera
797 971 914 1041 tergeat
936 961 1026 1022 alter:

219 1046 286 1108 Vox
308 1047 413 1108 domini
438 1048 506 1108 furit
530 1049 660 1107 instantis
681 1049 849 1126 virgamque
874 1046 1009 1107 tenentis.

218 1130 299 1209 Ergo
322 1131 410 1190 miser
431 1131 575 1210 trepidas,
598 1149 635 1191 ne
657 1141 789 1191 stercore
811 1131 899 1191 foeda
922 1129 1025 1190 canino

218 1215 301 1274 Atria
323 1213 497 1293 displiceant
519 1215 612 1275 oculis
636 1212 778 1274 venientis
803 1215 898 1290 amici,
1171 1223 1195 1274 tt
1219 1267 1220 1275 ,

218 1297 262 1358 Ne
285 1297 406 1376 perlusa
434 1298 494 1358 luto
522 1299 559 1358 sit
580 1300 726 1377 porticum
753 1307 897 1358 ettamen
917 1313 974 1356 nno

219 1381 358 1442 Semodio
382 1381 482 1442 scobis
504 1382 579 1442 baec
602 1382 735 1442 emendat
760 1381 894 1442 servulus
918 1397 1004 1440 onus:

219 1463 293 1526 lllud
319 1481 378 1525 non
404 1467 513 1547 agitas,
538 1475 569 1526 ut
591 1474 719 1526 sanctam
739 1465 814 1525 lilius
837 1467 913 1524 omni

220 1547 352 1627 Aspiciat
370 1550 434 1608 sine
460 1549 528 1609 labe
551 1550 664 1609 domurn
689 1551 819 1628 vitioque
844 1545 1011 1608 carentem?

221 1630 337 1692 Gratum
362 1641 424 1708 est,
450 1633 527 1710 quod
549 1635 660 1711 patriae
685 1635 778 1692 civem
802 1631 972 1711 populoque
999 1629 1118 1708 dedisti,
1171 1638 1196 1690 to
1217 1638 1220 1696 l

220 1716 251 1774 si
273 1716 348 1775 iacis
373 1725 403 1774 ut
430 1717 540 1794 patriae
565 1717 602 1776 sit
627 1716 768 1791 idoneus,
794 1716 872 1775 utilis
897 1717 986 1792 agris,
1209 1654 1220 1863 Ι

219 1797 305 1858 Utilis
329 1807 359 1858 et
383 1798 528 1860 bellorum
549 1807 579 1858 et
602 1801 683 1878 pacis
705 1799 793 1858 rebus
819 1799 949 1877 agendis.
1216 1809 1220 1878 l

220 1881 374 1942 Plurimum
395 1884 469 1942 enim
489 1883 636 1959 intererit,
661 1882 763 1962 quibus
781 1883 890 1943 artibus
910 1891 940 1942 et
958 1880 1065 1961 quibos
1085 1883 1161 1944 bunc
1175 1889 1196 1940 tu
1217 1891 1220 1930 ἐ

219 1963 350 2027 bloribus
375 1967 516 2027 instituas.
556 1967 700 2046 serpente
723 1967 835 2030 ciconia
855 1965 952 2045 pullos

220 2047 315 2109 Nutrit
341 2059 370 2109 et
391 2052 506 2110 inventa
530 2069 586 2129 per
610 2050 694 2111 devia
713 2069 779 2111 rura
803 2050 928 2110 lacerta:
1172 2055 1220 2109 itt

220 2131 268 2191 llli
294 2132 396 2192 eadem
423 2136 544 2212 sumptis
572 2143 714 2213 quaerunt
737 2135 868 2194 animalia
891 2134 994 2212 pinnis.
1217 2143 1220 2162 ’

219 2215 325 2274 Vultur
349 2217 476 2276 iumento
499 2227 529 2277 et
553 2218 671 2279 canibus
695 2217 887 2298 crucibusque
908 2217 1019 2278 relictis

220 2297 267 2358 Ad
293 2297 370 2358 letus
398 2309 539 2378 properat
561 2311 731 2380 partemque
758 2301 908 2362 cadaveris
930 2301 1029 2362 affert:

219 2380 274 2441 llic
300 2391 346 2441 est
368 2399 440 2460 ergo
463 2383 544 2443 cibus
566 2387 661 2462 magni
684 2401 801 2463 quoque
822 2385 943 2444 vulturis
969 2393 1054 2444 etse
1219 2439 1220 2447 ,

219 2464 386 2542 Pascentis‚
408 2469 528 2545 propria
550 2485 635 2546 quum
656 2469 711 2527 iam
732 2469 800 2528 facit
822 2468 927 2528 arbore
948 2468 1044 2528 nidos.
1171 2473 1196 2527 tt

220 2548 279 2608 Sed
303 2549 435 2629 leporem
460 2559 508 2610 aot
534 2569 669 2630 capream
692 2551 816 2612 famulae
840 2551 917 2612 lovis
939 2560 968 2611 et
988 2569 1155 2628 generosae
1219 2555 1220 2566 ¹

220 2631 251 2692 ln
274 2632 349 2693 saltu
371 2643 512 2694 venantur
534 2653 620 2712 aves,
643 2635 710 2696 binc
731 2634 841 2714 praeda
867 2635 955 2695 cubili

219 2716 353 2778 Ponitur:
376 2718 442 2778 inde
465 2727 559 2780 autern
581 2738 666 2799 quum
689 2737 722 2778 se
741 2727 851 2779 matura
871 2719 980 2780 levabit

219 2800 396 2878 Progenies,
421 2803 584 2864 stimulante
607 2802 683 2863 larue
705 2803 823 2862 festinat
842 2802 877 2863 ad
898 2802 987 2879 illam,

220 2883 312 2958 Quam
333 2887 454 2964 primum
471 2887 608 2966 praedam
629 2896 714 2966 rupto
737 2895 906 2964 gustaverat
927 2902 995 2945 oro.
1170 2893 1196 2946 ss

262 2967 441 3030 Aedificator
463 2981 525 3032 erat
548 2969 701 3032 Cretonius
733 2980 762 3032 et
794 2969 880 3030 modo
908 2986 997 3029 curro

218 3050 317 3111 Litore
341 3050 476 3130 Caietae,
500 3073 608 3116 summa
629 3073 705 3114 nunc
724 3053 839 3114 Tiburis
862 3071 941 3128 arce,

219 3132 303 3193 Nune
324 3134 520 3198 Praenestinis
542 3140 570 3198 in
591 3137 735 3198 montibus
758 3138 816 3198 alta
838 3136 959 3216 parabat

220 3215 350 3279 Gulmina
369 3221 502 3281 villarum
519 3221 638 3282 Graecis
661 3222 808 3300 longeque
828 3223 926 3300 petitis

218 3299 426 3380 blarmoribus,
448 3307 567 3364 vincens
589 3305 734 3366 Fortunae
756 3315 843 3384 atque
864 3303 999 3364 llerculis
1021 3304 1135 3381 aedem,
1167 3311 1195 3365 tt

218 3385 259 3447 Ut
279 3387 370 3463 spado
392 3387 528 3447 vincebat
550 3386 694 3468 Capitolia
716 3398 815 3448 nostra
836 3388 968 3448 Posides.

223 3469 299 3529 Dum
315 3469 359 3528 sic
379 3487 451 3546 ergo
474 3470 583 3532 habitat
606 3470 782 3547 Cretonius,
819 3473 956 3531 imminuit
977 3489 1050 3546 rem,

1219 1359 1220 1366 r

1218 1435 1220 1444 a
