2460 4004
418 279 542 327 sanum
562 283 636 329 VIII.

38 414 203 495 [Coruinum
225 428 255 478 et
276 417 394 478 Galbam
415 419 549 478 auriculis
569 438 700 500 nasoque
721 422 886 483 carentem?

37 500 106 573 Quis
127 501 254 577 fructus,
277 503 395 579 generis
418 501 515 562 tabula
536 505 645 563 iactare
666 506 779 584 capaci]

38 581 204 661 Corvinum,
228 585 351 663 posthac
369 585 457 646 multa
480 588 650 665 contingere
671 588 753 663 virga

36 665 175 727 Fumosos
196 671 322 746 equitum
344 687 408 728 cum
428 669 570 729 dictatore
588 673 758 747 magistros,

36 750 65 810 Si
87 769 185 811 coram
205 751 324 831 Lepidis
346 753 421 812 male
441 751 566 813 vivitur?
589 754 703 831 efligies
723 772 781 832 quo

35 833 299 912 imbellatorum,
323 838 347 894 si
369 832 481 896 luditur
496 836 561 896 alea
581 854 694 916 pernox

34 918 108 977 Ante
130 915 340 979 Numantiam?
361 921 386 978 si
408 921 534 980 dormire
555 923 657 1000 incipis
681 930 745 980 ortu

33 1000 173 1077 Luciferi,
195 1020 251 1080 quo
274 1005 356 1080 signa
378 1003 468 1063 duces
491 1013 519 1062 et
543 1014 637 1064 castra
659 1003 835 1066 movebant?

34 1081 90 1143 Gur
111 1084 315 1165 Allobrogicis
339 1095 367 1146 et
386 1105 489 1165 magna
510 1089 636 1164 gaudeat
658 1107 708 1149 ara

32 1166 120 1227 Natus
146 1169 174 1226 in
195 1169 342 1230 Herculeo
365 1169 470 1229 Fabius
491 1171 571 1248 lare,
595 1174 619 1230 si
642 1172 782 1250 cupidus,
806 1175 830 1231 si

32 1250 128 1310 Vanus
153 1260 182 1311 et
202 1251 342 1330 Euganea
366 1255 543 1331 quantumvis
566 1255 682 1315 mollior
704 1253 800 1332 agua?

32 1336 60 1393 Si
83 1345 216 1395 tenerum
239 1339 349 1396 attritus
372 1334 519 1397 Catinensi
542 1340 655 1416 pumice
676 1337 799 1398 lumbum

33 1418 207 1497 Squalentes
223 1421 347 1480 traducit
367 1438 437 1480 avos
461 1431 632 1500 emptorque
653 1423 757 1482 veneni

32 1500 203 1580 Frangenda
223 1505 356 1563 miseram
380 1505 506 1564 funestat
529 1506 651 1582 imagine
672 1503 810 1583 gentem?

32 1583 102 1645 Tota
126 1585 197 1645 licet
218 1596 337 1647 veteres
359 1596 502 1646 exornent
522 1587 646 1666 undique
661 1606 757 1663 'cerae

33 1669 127 1746 Atria,
149 1669 285 1730 nobilitas
307 1670 369 1730 sola
392 1679 438 1730 est
458 1680 543 1749 atque
566 1673 649 1731 unica
668 1673 768 1731 virtus.

32 1752 137 1812 Paulus
158 1753 207 1812 vel
232 1751 342 1814 Cossus
364 1755 413 1814 vel
432 1754 545 1815 Drusus
564 1755 692 1815 moribus
711 1765 791 1825 esto;

33 1835 90 1894 llos
112 1846 179 1896 ante
201 1837 317 1915 elligies
337 1839 474 1898 maiorum
496 1856 573 1916 poue
596 1849 726 1908 tuorum;

32 1917 214 1980 Praecedant
237 1923 316 1998 ipsas
338 1922 379 1980 illi
400 1931 430 1980 te
451 1922 571 1982 consule
593 1923 701 1998 virgas.

32 1997 123 2061 Prima
144 2003 213 2061 mihi
234 2002 328 2062 debes
350 2005 433 2062 animi
455 2004 547 2072 bona;
573 2014 688 2063 sauctus
710 2004 811 2065 baberi
859 2079 865 2087 ι

32 2083 220 2163 lustitiaeque
239 2095 327 2145 tenax
347 2086 432 2146 lactis
455 2087 597 2166 dictisque
611 2089 756 2147 mereris:

33 2168 172 2245 Agnosco
196 2185 361 2248 procerem.
407 2170 512 2246 Salve,
537 2170 703 2247 Gaetulice,
727 2191 780 2232 seu
802 2181 830 2232 tu

33 2251 160 2317 Silanus:
181 2269 363 2331 quocumque
386 2253 443 2314 alio
465 2255 501 2314 de
521 2257 659 2332 sanguine
680 2274 763 2316 rarus

33 2331 111 2395 Giris
134 2345 163 2395 et
185 2337 324 2414 egregius
346 2339 456 2414 patriae
478 2340 620 2414 contingis
641 2343 752 2416 ovanti,

31 2415 202 2480 Exclamare
221 2419 308 2497 libet,
332 2422 458 2499 populus
478 2422 553 2502 quod
578 2424 681 2484 clamat
703 2422 778 2484 Osiri

32 2499 160 2562 Invento.
206 2502 277 2577 Quis
299 2505 373 2564 enim
392 2523 568 2582 generosum
591 2508 695 2568 dixerit
713 2507 805 2586 bunc,
827 2511 876 2589 qui

32 2582 166 2663 Indignus
184 2605 294 2664 genere
317 2597 346 2648 et
367 2590 520 2667 praeclaro
542 2593 657 2651 nomIne
679 2601 786 2652 tantum

33 2666 176 2746 Insignis?
199 2689 301 2731 nanum
324 2673 469 2733 cuiusdam
485 2673 603 2734 Atlanta
624 2692 774 2752 vocamus,

31 2751 206 2832 ‘Aethiopem
224 2759 368 2833 cycnum,
391 2775 507 2834 pravam
531 2767 731 2834 extortamque
753 2758 879 2836 puellam

33 2833 184 2915 lluropen;
208 2837 326 2898 canibus
348 2840 441 2917 pigris
460 2839 618 2918 scabicque
641 2850 755 2900 vetusta
798 2857 801 2864 ·

34 2916 156 2980 levibus
179 2931 208 2980 et
230 2923 328 2982 siccae
349 2922 540 2982 lambentibus
563 2940 614 2982 ora
637 2922 774 2983 lucernae

34 3000 143 3064 Nomen
164 3006 218 3064 erit
240 3004 362 3085 pardus,
385 3006 485 3082 ligus,
510 3005 575 3080 leo,
599 3007 623 3063 si
641 3006 708 3082 quid
726 3005 819 3066 adhuc
841 3017 886 3066 est

36 3083 116 3157 Quod
134 3087 238 3148 iremat
258 3091 391 3148 interris
410 3085 587 3148 violentius?
630 3088 710 3166 Ergo
734 3089 852 3150 cavebis

36 3167 70 3227 Et
90 3180 217 3250 metues,
241 3192 278 3232 ue
300 3183 330 3233 tu
353 3175 395 3232 sic
416 3170 550 3232 Creticus
572 3182 620 3232 aut
642 3169 819 3233 Camerinus.

979 277 1018 336 53

999 441 1015 493 5

982 2934 1016 2986 35

74 3253 125 3314 llis
147 3273 204 3332 ego
227 3275 313 3335 quem
334 3254 452 3316 monui?
480 3267 574 3316 tecum
592 3266 636 3316 est
653 3257 721 3317 mibi
743 3275 856 3334 sermo,
878 3257 995 3318 Rubelli

35 3334 151 3398 Blande.
196 3339 302 3400 'lomes
325 3341 384 3401 alto
405 3341 563 3400 Drusorum
586 3350 753 3418 stemmate,
776 3351 918 3421 tamquam
982 3353 1017 3404 40

36 3416 151 3481 lleceris
172 3423 237 3501 ipse
260 3424 383 3502 aqunid,
403 3425 619 3503 propterquod
641 3425 746 3486 nobilis
769 3444 864 3502 esses,

37 3500 70 3561 Ut
90 3513 118 3564 te
137 3507 323 3584 conciperet,
347 3526 421 3585 quae
444 3510 582 3584 sanguine
604 3508 697 3586 lulget
716 3509 781 3587 Iuli,
