2434 4028
249 275 290 337 96
560 284 595 330 Ι).
619 283 691 331 mut.
709 284 897 331 tuvbrtatrts

248 426 330 488 Unde
355 423 481 498 babeas,
504 423 617 500 quaerit
637 438 740 492 nemo,
763 421 817 482 sed
839 431 957 500 oportet
980 421 1108 485 babere:

248 509 312 570 lloc
333 515 492 568 monstrant
514 505 632 566 vetulae
654 507 754 584 pueris
777 505 947 584 repentibus
971 524 1070 583 assae,

247 593 312 655 lloc
334 593 448 654 discunt
472 607 572 650 omues
595 597 661 648 ante
685 589 771 667 alpba
795 598 825 649 et
845 589 914 649 beta
937 589 1067 668 puellae.
1081 624 1125 637 -

248 676 367 740 Talibus
389 676 540 735 instantem
560 674 674 732 monitis
700 689 911 751 quemcumque
936 683 1091 751 parentem
1176 689 1187 738 t

249 764 299 823 Sic
321 777 439 840 possem
461 757 558 818 affari:
583 756 655 832 Dic,
678 773 696 814 o
719 758 892 832 vanissime,
914 758 984 836 'quis
1010 767 1040 819 te

248 847 399 907 Festinato
422 838 522 902 iubetl
546 840 696 900 meliorem
722 849 841 918 praesto
862 843 1006 918 magistro

248 928 437 1007 Discipulum.
478 925 605 985 Securus
632 923 693 992 abi;
717 925 861 999 vinceris,
888 934 920 984 ut
939 925 1018 986 Aiax
1153 997 1156 1006 Ι

248 1012 399 1074 Praeteriit
424 1008 627 1083 Telamonem,
650 1016 681 1066 ut
702 1006 791 1068 Pelea
812 1009 882 1068 vicit
904 1007 1051 1071 Achilles.

247 1095 425 1156 Parcendum
447 1102 493 1153 est
514 1093 639 1152 teneris:
666 1091 791 1152 noudum
815 1092 977 1172 implevere
999 1095 1142 1156 medullas
1176 1107 1194 1158 t

247 1178 376 1240 blaturae
401 1177 477 1238 mala
502 1177 663 1255 nequitiae;
686 1185 732 1234 ast
754 1194 841 1257 quum
862 1185 986 1255 pectere
1009 1178 1129 1241 barbaro

248 1261 389 1340 coeperit
410 1270 439 1320 et
462 1260 543 1337 longi
563 1275 731 1319 mucronem
752 1260 905 1321 admittere
930 1261 1028 1338 cultri,

246 1345 350 1406 Falsus
375 1346 431 1405 erit
451 1345 554 1418 testis,
579 1343 687 1404 vendet
708 1345 836 1422 periuria
857 1362 968 1405 summa

246 1429 361 1507 Exigua
383 1436 414 1489 et
436 1425 555 1488 Cereris
577 1435 699 1504 tangens
722 1445 859 1506 aramque
885 1427 1063 1508 pedemque.

247 1513 361 1574 Elatam
385 1515 442 1573 iam
468 1511 556 1573 crede
580 1529 699 1587 nurum,
723 1513 749 1570 si
770 1511 866 1571 limina
888 1521 988 1573 vestra

246 1597 398 1658 Mortifera
424 1615 488 1656 cnm
511 1595 580 1656 dote
601 1594 692 1655 subit:
717 1595 820 1674 quibus
845 1594 897 1656 illa
920 1607 1074 1675 premetur

246 1682 303 1741 Per
324 1697 453 1740 soranum
475 1678 585 1754 digitis!
608 1696 673 1738 nam
695 1697 770 1758 quae
791 1689 929 1758 terraque
951 1683 1085 1762 marique

246 1763 433 1842 Adquirenda
454 1771 553 1842 putas,
574 1760 694 1822 brevior
718 1763 765 1824 via
788 1763 921 1822 conferet
945 1765 998 1825 illi.

248 1847 351 1912 Nullus
377 1848 453 1908 enim
476 1847 572 1924 magni
594 1844 718 1906 sceleris
742 1845 835 1906 labor.
868 1846 949 1908 llaec
975 1867 1034 1927 eqo
1058 1868 1189 1931 nunquan

247 1932 397 2010 Mandavt,
422 1933 504 1993 dices
531 1931 616 2006 olim,
639 1948 695 1990 nec
719 1929 788 1990 talia
815 1933 907 2000 suasi:
1172 1950 1200 1995 a

247 2017 352 2078 blentis
377 2034 464 2078 causa
485 2016 579 2076 malae
601 2023 697 2074 tamen
721 2023 766 2073 est
788 2023 818 2074 et
839 2015 923 2093 origo
945 2033 1040 2094 penes
1061 2027 1104 2081 te.

246 2100 319 2160 Nam
342 2102 472 2178 quisquis
495 2100 590 2177 magni
613 2115 717 2160 census
740 2099 894 2178 praecepit
916 2117 1056 2179 amorem,

246 2183 283 2243 lit
308 2183 396 2241 laevo
421 2186 529 2244 monitu
552 2199 661 2262 pueros
686 2181 821 2260 producit
844 2200 960 2258 avaros,

248 2264 297 2346 [Et
320 2267 368 2340 qui
385 2282 440 2341 per
463 2267 580 2327 fraudes
602 2267 771 2345 patrimonia
795 2266 1028 2348 conduplicare}

245 2349 302 2409 Dat
324 2346 490 2407 libertatem
512 2357 540 2408 et
561 2359 637 2408 totas
660 2349 778 2410 effundit
800 2349 929 2411 habenas

247 2430 416 2498 Curriculo;
444 2448 529 2508 quern
554 2433 578 2490 si
601 2449 744 2509 revoces,
774 2433 935 2494 subsistere
957 2438 1055 2498 nescit

245 2514 333 2575 litte
363 2522 530 2592 contempto
556 2515 666 2592 rapitur
688 2518 832 2596 metisque
855 2517 975 2578 relictis.

244 2597 338 2659 Nemo
364 2598 436 2660 satis
457 2597 549 2658 credit
572 2606 679 2658 tautum
701 2599 888 2680 delinquere,
913 2613 1050 2681 quantum

245 2683 413 2752 Permittas;
440 2684 515 2746 adeo
540 2681 689 2761 indulgent
712 2683 768 2744 sibi
793 2684 877 2746 latius
899 2687 966 2765 ipsi.
1039 2745 1045 2756 ,

246 2768 341 2842 Quum
365 2768 439 2831 dicis
465 2770 562 2830 iuveni
588 2768 723 2844 stultum,
750 2769 798 2846 qui
821 2769 910 2830 donet
933 2772 1037 2848 amico,

247 2853 303 2926 Qui
326 2862 525 2933 paupertatem
547 2853 626 2914 levet
647 2851 818 2931 attollatque
841 2856 1007 2933 propinqui,

246 2933 282 2994 Et
306 2937 436 3012 spoliare
458 2939 549 2998 doces
571 2948 601 2998 et
626 2936 866 2998 circumscribere
894 2947 923 2998 et
947 2939 1023 2999 omni

246 3015 371 3078 Crimine
395 3021 508 3080 divitias
532 3019 702 3099 adquirere,
727 3039 847 3101 quarum
870 3039 951 3082 amor
971 3025 1000 3082 in
1023 3031 1052 3082 te

245 3099 374 3172 Quantus
403 3111 466 3161 erat
488 3106 599 3179 patriae
618 3103 776 3164 Deciorum
797 3107 825 3164 in
847 3115 985 3184 pectore,
1008 3115 1143 3187 quantum

208 3187 214 3195 ‘
244 3181 353 3242 Dilexit
378 3182 512 3256 Thebas,
535 3187 560 3243 si
583 3185 814 3262 Graecinum,
839 3188 1035 3260 Menoeceus;

246 3266 276 3326 ln
306 3281 426 3342 quorum
450 3266 538 3325 sulcis
564 3266 698 3343 legiones
724 3268 856 3329 dentibus
878 3275 980 3352 anguis

246 3347 318 3412 (lum
340 3349 443 3427 clipeis
465 3357 619 3408 nascuntur
645 3361 673 3410 et
696 3351 813 3412 horrida
834 3352 913 3417 bella
939 3366 1098 3436 capessunt

244 3429 405 3512 Gentiano,
430 3443 572 3512 tamquam
598 3443 627 3494 et
647 3433 764 3494 tubicen
783 3442 944 3498 surrexerit
966 3457 1030 3500 una.

246 3517 324 3594 Ergo
349 3519 464 3594 ignem,
489 3517 568 3575 cuius
593 3516 735 3575 scintillas
763 3517 828 3589 ipse
848 3519 965 3594 dedisti,
