2480 4006
199 296 272 343 XXX
394 325 396 330 ·
595 295 801 344 PRAEFATIO.

198 436 338 497 aduertit.
348 441 406 502 159,
417 451 463 492 nec
473 436 521 492 iaco
531 437 556 491 in
566 437 811 509 thosielisnmplacet.
833 437 1025 512 rapotonem
1037 441 1170 514 deniqneot

197 523 276 592 ipsum
287 521 317 575 ab
328 520 425 591 antiquo
436 535 516 575 errore
526 527 616 591 repeto,
629 521 750 593 quiquum
757 523 853 594 repciao
863 523 893 578 ad
905 521 1080 579 Stheneboeam
1090 525 1171 580 reierri
1223 527 1224 532 ’

199 619 247 660 non
257 603 361 672 videmt,
374 603 503 658 molestum
514 605 693 674 participiorum
703 619 847 662 concursum
861 607 945 678 quovis
954 608 1027 663 modo
1038 608 1113 662 lenire
1122 609 1169 663 vel·
1223 615 1224 674 t

134 743 138 752 ,
199 687 381 744 letsabsolutns
393 692 472 741 tamen
492 688 685 758 impersonalium
696 687 819 755 ablatione,
839 689 933 761 qualem
950 707 1015 745 nunc
1024 690 1173 746 Heinriohius
1223 677 1225 814 ἱ

199 787 269 844 promo
284 770 408 826 occidisset
422 770 518 842 omniuo
534 771 670 843 significare
683 773 778 836 statuit,
797 778 838 829 aut
855 772 896 840 (ut
914 774 1038 839 moto,
1049 781 1170 846 mommo,

199 855 293 923 caedito)
305 853 434 924 praedicati
442 853 523 908 locum
534 859 614 918 tenet,
626 861 667 910 aut
677 855 698 910 si
707 870 754 926 qua
764 856 865 911 subiecti
879 857 915 911 vis
925 855 1000 921 inest,
1012 857 1041 912 ad
1052 858 1173 929 agendum

199 938 279 1008 potius
290 953 360 1008 quam
371 937 400 992 ad
411 937 549 1006 patiendum
564 944 670 1008 spectat,
686 945 713 992 ut
729 939 782 995 Ter.
794 941 853 995 Hec.
865 939 893 994 V.
905 945 930 997 1.
944 945 977 996 10
990 946 1086 1012 peccota
1097 955 1139 1010 pro
1150 957 1173 994 oo

200 1037 261 1076 ome
268 1027 388 1092 peccatum
398 1026 447 1084 est,
461 1020 511 1076 Cio.
524 1020 589 1076 Fam.
601 1021 644 1076 lii.
657 1026 674 1078 t
688 1022 810 1094 deepmom
827 1039 870 1093 pro
887 1039 957 1096 poan
970 1024 1104 1096 desperaro,
1117 1022 1172 1078 'iac
1226 1054 1227 1064 ,

200 1103 314 1158 hnmhl.
332 1108 367 1162 26
383 1110 516 1175 ctapcctoto
532 1119 575 1174 pro
589 1112 715 1179 postposuit
733 1105 892 1178 cooperamin-
907 1105 970 1176 quod
989 1107 1011 1160 si
1025 1112 1108 1161 nostro
1119 1106 1174 1161 ioco
1226 1099 1227 1102 ’

201 1187 306 1242 Phaedra
317 1194 341 1242 ot
355 1186 505 1242 Stheneboea
516 1203 564 1242 nou
575 1188 719 1257 repulerunt,
732 1190 774 1244 sed
787 1189 896 1260 repulsae
905 1194 969 1251 suut,
980 1189 1065 1242 merito
1076 1189 1123 1242 iarn
1134 1188 1173 1242 Pi·

200 1270 296 1326 thoeani
307 1277 428 1327 comestor
437 1271 533 1342 mprobe
543 1271 681 1339 posuit.-
691 1269 742 1325 Sat.
752 1270 795 1326 xl.
807 1287 830 1326 v.
841 1271 1080 1341 38mooemm1g,
1093 1270 1173 1326 otono

201 1353 265 1408 Iahu.
283 1369 305 1408 c.
321 1353 387 1409 libris
399 1353 493 1408 dnobus
503 1352 585 1423 utiopre
595 1352 708 1416 vetustis,
721 1352 844 1408 Pithoeani
854 1360 934 1408 tamen
950 1353 1048 1422 ancipiti
1058 1353 1172 1420 subsidio,
1227 1345 1228 1360 ¹

201 1437 361 1508 quic...o'oo
377 1443 471 1491 tantum
491 1436 611 1489 inrasura
625 1434 735 1497 exhibet,
754 1435 868 1508 ambigua
883 1435 959 1508 igitur
977 1436 1174 1509 optione,quum
1228 1431 1229 1436 ’

200 1535 244 1589 pro
259 1536 369 1575 maneae
384 1520 456 1574 etiam
471 1519 551 1572 Horat.
564 1517 639 1588 Epist.
656 1517 675 1571 l.
687 1523 713 1575 4.
726 1525 759 1576 ll
772 1525 877 1592 pugnet,
889 1520 1014 1592 antiquum
1022 1520 1125 1576 retinere
1136 1526 1175 1574 tu-

200 1602 248 1656 tius
259 1603 333 1666 duxi:
344 1603 473 1672 eademque
484 1603 594 1656 cautione
603 1617 626 1655 v.
634 1603 709 1660 iicet
717 1604 815 1672 mevam,
827 1602 868 1658 ubi
875 1602 971 1658 Iahnius
976 1602 1099 1659 Pidroesoi
1109 1603 1175 1658 lacu·

200 1699 245 1739 nac
255 1699 311 1739 cum
321 1686 403 1754 paucis
413 1700 457 1738 ooo
466 1684 603 1748 substitute
614 1700 672 1738 mox
682 1691 762 1740 antem
772 1700 794 1740 v.
803 1691 838 1744 58
848 1687 922 1757 ipsius
931 1687 1080 1741 fundamenti
1090 1693 1174 1741 aucto·

201 1769 295 1822 ritatem
312 1767 338 1822 in
351 1767 396 1822 sed
404 1781 448 1836 pro
464 1766 488 1820 si
497 1767 637 1822 lmodcovel
654 1774 736 1830 contra
752 1767 860 1823 iahnium
869 1769 984 1830 sustinui:
1002 1770 1034 1824 ci.
1045 1769 1137 1824 Vindio.
1148 1784 1174 1838 p.
1230 1811 1231 1822 ,

202 1855 243 1908 17.
258 1879 295 1890 -
307 1849 335 1904 V.
346 1854 380 1909 99
390 1849 498 1920 spurium
509 1865 562 1905 esse
573 1849 723 1906 Heinriohius
736 1849 817 1906 Iahnio
827 1852 957 1922 persuasit,
968 1850 1026 1906 mihi
1037 1867 1086 1906 non
1095 1852 1176 1922 mags

201 1949 273 2005 quam
292 1938 392 1998 v.109‚
409 1947 481 2004 quem
496 1934 571 2004 ipsius
587 1933 711 1990 Pithoeani
727 1933 774 1990 tide
784 1949 840 1990 cum
852 1934 988 1990 hohaiutrio
999 1935 1177 2004 transponendo

201 2017 324 2090 languoris
335 2025 400 2072 certe
410 2017 509 2072 omnine
519 2017 632 2073 liberasse
642 2018 700 2073 mibi
710 2017 805 2080 videon
815 2033 862 2073 nec
869 2034 893 2072 u.
901 2022 961 2076 165.
974 2019 1024 2075 166
1035 2017 1176 2073 exturbandi

201 2115 272 2172 maur
283 2100 469 2172 interpungendi
479 2101 621 2156 medicinam
632 2102 744 2157 adhibere
753 2101 834 2169 malui,
845 2104 897 2173 quo'
904 2100 968 2156 iacto
978 2115 1121 2172 magnarum
1133 2100 1176 2155 do·

201 2198 285 2238 muum
299 2184 428 2246 lenocinia,
441 2182 528 2253 quihus
538 2198 570 2237 ne
580 2190 667 2253 nuptas
677 2185 773 2256 paridem
784 2184 831 2238 inti
842 2184 942 2253 pudeat,
958 2181 1056 2239 humilis
1067 2184 1178 2240 iortunae

202 2266 304 2321 castitati
321 2272 371 2320 tam
390 2266 508 2321 concinne
524 2273 689 2336 opponuntur,
709 2266 782 2320 uthis
799 2266 886 2320 demtis
896 2265 1177 2323 mmseetumentio

202 2350 297 2406 dimidia
308 2349 423 2405 acuminis
433 2348 471 2404 sui
481 2357 549 2418 parte
559 2349 660 2404 caritura
673 2350 712 2404 sit.
745 2349 822 2404 Immo
834 2349 855 2404 si
865 2349 921 2421 quid
932 2349 956 2403 iu
967 2348 1014 2405 hac
1022 2350 1093 2406 satira
1103 2351 1178 2404 iuter·

201 2433 328 2502 potationis
340 2432 502 2503 suspicionem
512 2438 600 2498 movet,
613 2432 660 2486 duo
670 2432 710 2486 iha
719 2430 869 2487 hemistichia
879 2439 943 2498 sunt,
955 2448 1044 2504 quaev.
1056 2436 1114 2492 147.
1122 2435 1178 2499 ‚148

203 2517 412 2579 cancellisnotavi;
426 2530 528 2587 qarorum
537 2516 638 2572 otiosam
644 2515 755 2571 duritiem
762 2531 793 2570 no
799 2515 943 2571 Pithoeanus
949 2517 1045 2589 quidem
1055 2516 1083 2570 ic
1092 2531 1179 2587 mopoo

202 2599 326 2654 scribendo
337 2600 405 2654 valde
415 2599 489 2660 lenit;
501 2605 623 2668 praeterea
632 2599 707 2654 semel
721 2605 813 2654 mutum
824 2599 853 2655 ab
864 2599 912 2655 hoc
922 2599 1020 2656 discessi
1030 2615 1052 2655 v.
1066 2602 1125 2666 118,
1135 2596 1177 2652 ubi

201 2683 244 2736 bos
262 2697 306 2751 pro
320 2682 364 2738 boo
379 2698 427 2738 non
444 2680 502 2736 mihi
513 2683 592 2754 magis
610 2697 681 2754 quam
692 2683 810 2755 plerisque
820 2691 875 2739 ante
885 2683 992 2740 Iahnium
1002 2681 1132 2737 editoribus
1139 2680 1178 2734 vel

202 2781 286 2820 sensus
294 2766 365 2820 unice
375 2766 546 2821 tolerarevisus
558 2773 602 2825 est.
612 2794 651 2804 ·—
660 2765 710 2822 Sat.
718 2766 771 2822 itii.
782 2781 805 2822 v.
816 2767 879 2825 idei
889 2767 983 2841 punam
993 2765 1056 2820 Pith.
1063 2779 1085 2822 c.
1094 2763 1178 2834 picris
1198 2773 1201 2780 '

202 2863 257 2920 que,
268 2865 337 2923 poam
346 2849 446 2924 quoodo
456 2847 523 2904 lahn.
543 2865 564 2904 c.
576 2849 775 2906 Schnrzdcischio
786 2857 811 2904 et
821 2850 953 2922 Madvigio;
966 2855 989 2902 at
999 2855 1097 2903 mutuae
1111 2861 1178 2901 com-

202 2933 299 3001 parandi
314 2934 399 2987 rationi
410 2931 470 2987 haec
481 2948 577 3006 quoque
587 2933 689 2989 inversio
701 2933 826 3000 convenit,
846 2939 885 2996 ut,
903 2932 945 2986 ubi
955 2936 1178 3001 veram-tempesta·

202 3021 252 3069 tem
263 3029 319 3068 cum
329 3017 422 3084 poetica
433 3018 565 3086 comparari
575 3025 715 3089 exspectes,
726 3016 787 3072 haec
795 3016 876 3086 potius
883 3013 987 3068 vicissim
997 3013 1027 3068 ad
1038 3013 1101 3066 illius
1111 3011 1179 3066 simi·

202 3097 327 3152 iitudinem
342 3105 476 3157 revocetru.
497 3129 534 3140 -
555 3102 582 3155 V.
593 3105 636 3160 32.
649 3105 685 3160 33
700 3099 793 3154 arbom
810 3105 835 3151 et
852 3097 968 3169 conferret
979 3095 1049 3161 Pon,
1061 3091 1143 3148 arbori
1154 3101 1180 3148 et

202 3181 336 3251 conferret
345 3181 411 3238 Inhn.
423 3183 604 3240 exhachmanni
614 3185 750 3240 coniectura
760 3195 817 3235 oum
827 3179 951 3236 deterioris
961 3177 1064 3232 nudae
1073 3177 1181 3232 lectione

202 3263 344 3329 coniuncta;
355 3273 438 3324 neutra
448 3283 505 3324 vero
518 3284 578 3338 opus
589 3282 656 3334 esse,
673 3265 744 3320 modo
754 3262 848 3319 orbaris
859 3262 889 3317 ah
901 3262 1004 3317 iocertoe
1014 3261 1081 3333 regi,
1099 3261 1178 3316 iocer-

202 3354 241 3403 toe
252 3348 281 3420 ad
287 3351 379 3422 poppis
394 3352 514 3422 pertinere
523 3351 696 3420 inteligamus,
713 3348 761 3402 iam
779 3346 875 3402 inhies
887 3343 993 3400 Rhenan.
1005 3345 1032 3402 7.
1046 3345 1077 3412 li,
1088 3360 1112 3416 p.
1126 3347 1180 3402 583

203 3431 290 3496 docui;
302 3435 462 3490 addeVindic
477 3449 501 3504 p.
514 3438 555 3490 15.
573 3461 607 3470 —
621 3432 648 3486 V.
660 3435 694 3490 71
704 3429 798 3488 coum
810 3429 888 3496 cedd..
899 3428 1002 3486 Looioio
1015 3428 1080 3484 lahn.
1094 3428 1178 3484 eadem

202 3515 317 3589 symensi,
334 3533 405 3588 quam
421 3515 520 3588 Vergilii
535 3515 639 3571 editores
655 3515 751 3571 heneid.
769 3514 788 3570 Ι.
807 3514 977 3586 iprobarrmta
987 3519 1012 3569 at
1022 3512 1110 3568 ibidem
1122 3509 1179 3566 Ser·

201 3599 255 3654 rius
264 3599 361 3656 Lamon
370 3599 491 3670 praetulit,
503 3599 553 3654 sive
563 3600 667 3656 maxime
677 3600 729 3674 ipse
737 3599 857 3674 Vergilius
867 3597 972 3654 noento
982 3597 1116 3669 scripserat,
1128 3594 1177 3650 iam
