2480 4006
477 268 601 315 sarion
623 269 646 315 1.

47 411 130 488 lpse,
155 408 324 466 lacernatae
344 423 429 482 quum
451 425 484 465 se
505 409 627 467 iactaret
648 408 771 468 amicae!

48 491 155 553 Nonne
179 490 250 550 libet
268 488 363 548 medio
386 507 471 548 ceras
494 490 617 569 implere
639 509 764 570 capaces

49 575 230 650 Quadrivio,
254 591 339 651 quum
357 574 413 633 iam
439 582 522 633 sexta
544 575 662 634 cervice
683 574 809 651 feratur,

49 661 124 720 Hinc
146 667 235 737 atque
256 656 321 715 iude
343 665 446 734 patens
469 675 504 717 ac
526 658 601 718 nuda
623 675 718 736 paene
741 659 879 720 cathedra
1007 667 1039 721 65

49 744 88 804 Ei
109 742 229 802 multum
249 740 383 800 referens
406 741 442 800 de
464 740 637 801 Maecenate
660 743 782 820 supino,

50 830 191 905 Signatcr
213 825 306 899 falso,
331 825 380 901 qui
403 842 437 883 se
459 825 567 884 lautum
590 834 677 904 atque
700 825 815 886 beatum

49 911 173 988 Exiguis
194 908 298 968 tabulis
321 917 350 966 et
370 925 484 984 gemma
503 909 616 970 fecerat
635 907 714 970 uda?
845 985 850 992 ι

51 995 186 1055 Occurrit
204 1001 342 1052 matrona.
357 1000 481 1070 potens,
506 1010 581 1070 quae
602 993 692 1052 molle
716 991 853 1054 Calenum
891 998 894 1004 '
970 1029 975 1036 ·

49 1081 225 1138 Porrectura
246 1077 309 1135 viro
329 1077 432 1135 miscet
453 1077 569 1136 sitiente
588 1076 735 1152 rubetam,
1007 1083 1041 1136 70

49 1162 233 1239 lnstituitque
255 1159 344 1220 rudes
362 1160 468 1219 melior
487 1159 612 1220 Lucusta
634 1163 813 1240 propinquas
1011 1161 1014 1168 ’

52 1247 106 1308 Per
128 1245 232 1304 lamam
254 1252 283 1302 et
305 1243 444 1322 populum
465 1244 566 1321 nigros
590 1245 697 1304 efferre
716 1246 845 1305 maritos.

50 1329 137 1390 Ande
158 1327 266 1406 aliquid
288 1325 427 1387 brevibus
451 1326 554 1403 Gyaris
578 1337 607 1388 et
629 1347 750 1389 carcere
772 1328 904 1404 dignum,

50 1415 80 1474 Si
100 1414 146 1473 vis
169 1429 237 1471 esse
259 1409 383 1489 aliquid:
408 1411 539 1490 probitas
562 1412 694 1472 laudatur
712 1421 742 1472 et
763 1412 854 1488 alget,

51 1495 225 1558 Criminibus
248 1494 355 1554 debent
375 1494 494 1570 hortos,
516 1497 680 1573 praetoria,
702 1513 836 1570 mensas,
1007 1501 1040 1556 75

50 1584 211 1659 Argentum
231 1588 314 1638 vetus
337 1589 366 1638 et
387 1588 510 1638 stantem
531 1587 614 1640 extra
636 1581 744 1658 pocula
766 1596 891 1656 caprum.

51 1667 144 1740 Quem
166 1663 273 1742 patitur
294 1661 420 1722 dormire
442 1681 530 1721 nurus
553 1672 708 1742 corruptor
730 1680 851 1738 avarae,

52 1753 144 1822 Quem
167 1763 295 1826 sponsae
318 1755 418 1824 turpes
441 1755 471 1805 et
489 1755 688 1824 praetextatus
711 1744 845 1808 adulter?

51 1836 81 1892 Si
102 1841 204 1891 natura
227 1838 330 1907 negat,
352 1830 421 1890 lacit
442 1830 602 1907 indignatio
623 1849 755 1907 versum,

53 1915 291 1993 Qualemcuuque
312 1921 429 1992 potest,
453 1914 555 1993 quales
579 1932 636 1992 ego
657 1915 706 1974 vel
729 1913 895 1974 Cluuienus.
1005 1920 1040 1973 80

114 1998 161 2059 Ex
183 2016 240 2078 quo
263 1998 426 2071 Deucalion
445 1997 547 2057 nimbis
568 1997 737 2058 tollentibus
756 2014 868 2075 aequor

51 2081 175 2160 Navigio
198 2091 324 2142 montem
346 2082 477 2142 ascendit
496 2090 652 2161 sortesque
674 2082 828 2161 poposcit,

52 2167 249 2244 Paulatimque
270 2168 363 2226 anima
386 2166 535 2226 caluerunt
556 2165 655 2226 mollia
677 2184 764 2240 saxa,

51 2251 89 2310 Et
110 2249 237 2310 maribus
260 2250 350 2310 nudas
372 2250 498 2310 ostendit
521 2249 631 2326 Pyrrha
653 2250 779 2328 puellas,

53 2334 198 2412 Quidquid
216 2342 304 2412 agunt
319 2333 467 2409 homiues,
483 2343 598 2410 votum,
615 2335 715 2410 timor,
733 2336 791 2410 ira,
806 2332 959 2411 voluptas,
1005 2341 1038 2393 85

53 2418 177 2492 Gaudia,
201 2417 369 2494 discursus,
391 2419 483 2477 nostri
505 2418 622 2496 farrago
645 2418 737 2478 libelli
760 2425 814 2476 est.

52 2501 89 2562 Et
112 2501 226 2580 quaudo
249 2501 369 2562 uberior
389 2503 524 2561 vitiorum
547 2500 654 2580 copia?
676 2502 790 2581 quando

52 2584 145 2645 blaior
167 2587 305 2646 avaritiae
326 2587 417 2664 patuit
437 2582 538 2644 sinus?
561 2585 625 2645 alea
648 2586 761 2665 quando

53 2668 112 2728 llos
131 2667 265 2730 animos?
286 2687 381 2747 neque
405 2672 480 2730 enim
502 2669 607 2729 loculis
629 2669 831 2730 comitantibus
853 2670 909 2728 itur

53 2753 98 2812 Ad
122 2771 221 2813 casum
242 2752 374 2826 tabulae,
394 2756 490 2832 posita
511 2753 564 2813 sed
585 2753 693 2812 luditur
714 2772 793 2814 arca.
1008 2759 1042 2812 90

53 2836 168 2897 Proelia
191 2846 296 2915 quanta
315 2836 377 2896 illic
397 2838 601 2917 dispensatore
623 2835 736 2896 videbis

53 2920 224 2997 Armigerol
247 2920 409 3000 simplexne
429 2921 511 2981 furor
533 2921 669 2979 sestertia
692 2926 808 2979 centum

53 3005 182 3064 Perdere
205 3013 234 3063 et
254 3004 383 3064 horrenti
405 3006 529 3065 tunicam
551 3021 609 3062 non
630 3001 756 3063 reddere
778 2996 889 3059 servo?

54 3088 125 3161 Quis
148 3088 268 3147 totidem
292 3089 385 3148 erexit
406 3089 508 3163 villas,
532 3088 595 3166 quis
614 3086 728 3146 fercula
749 3092 863 3162 septem

54 3172 178 3231 Secreto
202 3173 336 3232 coenavit
355 3169 448 3232 avus?
469 3188 544 3231 nunc
564 3170 694 3249 sportula
715 3170 808 3248 primo
1008 3175 1042 3229 9o

53 3254 161 3314 Limine
184 3272 274 3334 parva
296 3256 396 3332 sedet,
419 3255 522 3316 turbae
541 3253 680 3333 rapienda
701 3261 835 3330 togatae:

53 3337 107 3398 llle
129 3347 227 3399 tamen
249 3339 354 3400 faciem
375 3342 455 3418 prius
476 3339 592 3418 inspicit
615 3347 645 3398 et
665 3337 807 3416 trepidat,
830 3354 867 3396 nc

55 3423 231 3502 suppositus
253 3426 353 3484 venias
377 3442 411 3484 ac
428 3423 504 3483 ialso
523 3424 638 3482 nomine
658 3439 777 3501 poscas.

57 3506 176 3583 Agnitus
199 3508 343 3585 accipies;
366 3507 446 3567 iubet
467 3526 484 3567 a
506 3525 653 3586 praecone
677 3506 778 3568 vocari
796 3587 837 3648 μ
