2480 4006
565 277 599 324 D.
622 275 693 322 totu.
714 273 899 322 tovnnnnts

525 628 566 718 ll.
592 624 700 718 llllll
725 620 947 716 llllthlllS

646 805 824 882 loturus

410 940 1055 1051 subillatum

600 1134 702 1198 LIBER
720 1134 872 1201 TERTIUS.

641 1323 821 1331 Ἣ

431 1389 434 1392 ¹
559 1439 793 1505 SATIRA
834 1439 909 1502 VII.

241 1535 285 1630 Et
307 1587 377 1649 spes
397 1579 427 1630 et
448 1571 522 1632 ratio
543 1571 701 1631 studiorum
723 1571 752 1629 in
773 1568 902 1630 Caesare
920 1576 1040 1628 tantum:

241 1654 328 1716 Solus
349 1655 423 1713 enim
445 1655 544 1714 tristes
566 1655 621 1714 hac
643 1662 817 1732 tempestate
841 1651 983 1713 Camenas

240 1739 398 1815 Respexit,
422 1755 507 1815 quum
526 1740 581 1798 iam
603 1737 741 1798 celebres
762 1737 879 1815 notique
902 1743 1010 1813 poetae

240 1820 410 1884 Balneolnm
431 1820 545 1898 Gabiis,
567 1820 678 1882 Romae
699 1821 863 1881 conducere
885 1819 987 1878 furnos

241 1906 444 1984 Temptarent,
465 1923 521 1965 nec
543 1905 660 1966 foedum
679 1905 727 1965 alii
749 1923 805 1964 nac
827 1913 911 1982 turpe
935 1911 1069 1982 putarent
1203 1911 1212 1960 t

240 1991 405 2052 Praetores
426 1989 505 2059 lieri;
528 2007 614 2069 quum
635 1989 760 2050 desertis
781 1989 950 2066 Aganippes

239 2071 370 2133 Vallibus
391 2074 523 2133 esuriens
544 2075 682 2149 migraret
703 2075 732 2133 in
752 2074 823 2134 atria
844 2068 919 2131 clio.

239 2155 310 2216 Nam
333 2157 357 2214 si
379 2155 473 2216 Pieria
496 2155 639 2235 quadrans
658 2156 710 2216 tibi
732 2156 827 2216 nullus
850 2157 878 2214 in
900 2153 999 2213 umbra

240 2238 430 2316 Ostendetur,
454 2257 534 2300 ames
555 2257 660 2300 nomen
680 2243 845 2318 victumque
866 2236 1040 2299 Machaerae

238 2321 277 2383 Et
297 2321 407 2383 vendas
427 2324 540 2401 potius,
564 2325 716 2384 commissa
737 2324 815 2403 quod
840 2324 935 2384 auctio
957 2321 1056 2381 vendit
1192 2333 1212 2382 ιο

239 2405 403 2481 stantibus,
427 2406 645 2484 oenophorum,
666 2408 816 2486 tripodes,
839 2407 976 2480 armaria,
1000 2405 1099 2481 cistas,

238 2489 397 2550 Alcithoen
416 2489 522 2566 Pacci,
545 2489 662 2550 Thebas
685 2501 715 2550 et
737 2491 832 2552 Terea
854 2489 961 2550 Fausti.

238 2571 302 2632 lloc
324 2573 431 2648 satius,
454 2591 537 2652 quana
560 2575 585 2633 si
606 2574 686 2634 dicas
708 2575 761 2635 snb
783 2575 895 2649 iudice,
918 2573 987 2648 vidi,

240 2655 324 2730 Quod
346 2672 403 2716 non
423 2657 533 2724 vidisti;
556 2657 663 2718 iaciant
686 2660 799 2738 equites
821 2656 934 2731 Bithyni

239 2738 417 2818 Quamquam
439 2749 468 2800 et
490 2739 683 2821 Cappadoces
704 2743 811 2802 iaciant
833 2741 1005 2820 equitesque
1026 2737 1138 2816 Asiani,
1190 2739 1221 2816 lt}

237 2822 340 2884 Altera
363 2841 436 2902 quos
458 2825 534 2884 nudo
557 2827 680 2886 traducit
700 2824 792 2886 Gallia
811 2824 881 2884 talo.
956 2854 958 2858 v

236 2906 329 2966 Nemo
352 2916 447 2968 tamen
468 2909 570 2968 studiis
592 2909 737 2986 indignum
760 2909 839 2968 ferre
862 2906 993 2967 laborem

238 2988 368 3068 (legetur
389 2992 529 3070 posthac,
552 2993 641 3052 nectit
662 2993 834 3070 quicumque
858 2991 972 3050 canoris

236 3071 391 3153 Eloquium
412 3076 518 3136 vocale
540 3075 634 3136 modis
651 3075 820 3153 laurumque
840 3073 1002 3136 momordit.

235 3157 299 3217 lloc
319 3160 413 3236 agite,
436 3176 454 3218 o
474 3158 609 3218 invenes!
633 3158 829 3235 circumspicit
852 3167 881 3218 et
903 3157 1029 3218 stimulat
1052 3172 1107 3214 vos
1186 3163 1211 3213 tt

235 3239 444 3320 Materiamque
464 3241 518 3300 sihi
539 3241 620 3301 ducis
644 3241 821 3318 indulgentia
844 3243 967 3322 quaerit.

235 3325 267 3383 Si
290 3342 345 3403 qua
367 3324 483 3385 aliunde
505 3333 589 3401 putas
610 3343 707 3384 rernm
729 3325 928 3403 exspectanda
949 3335 1058 3384 tuarum

235 3407 383 3467 Praesidia
406 3415 492 3485 atque
514 3407 580 3467 ideo
604 3425 729 3470 croceae
746 3409 908 3469 membrana
931 3408 1058 3468 tabellae

235 3488 388 3568 lmpletur,
410 3489 554 3568 lignorum
576 3493 682 3572 aliquid
705 3509 797 3573 posce
819 3495 900 3553 ocius
923 3502 952 3552 et
974 3509 1048 3572 quae
