2460 4004
423 237 549 286 sarran
569 239 633 296 xr„

40 379 164 456 Namque
189 377 227 436 ibi
250 377 382 435 fortunae
406 376 519 434 veniam
544 376 653 436 damus.
693 374 769 435 Alea
789 377 891 454 turpis,

39 463 131 540 Turpe
155 469 183 520 et
207 459 377 520 adulterium
402 459 611 528 mediocribus;
638 459 713 519 haec
739 458 840 518 eadem
865 459 907 518 illi

39 545 134 605 Omnia
160 561 244 623 quum
272 543 397 618 faciunt,
422 541 530 602 hilares
555 544 693 621 nitidique
716 551 857 602 vocantur

38 629 140 688 Nostra
168 627 276 688 dabunt
298 625 375 688 allos
395 625 484 686 laodic
509 627 640 686 convivia
665 625 768 685 ludos:

38 712 175 773 Conditor
196 710 304 770 lliados
328 709 488 770 cantabitur
510 719 597 790 atque
617 709 755 770 liaroais
969 719 1018 774 leo

37 797 159 857 dltisoni
185 794 299 855 dubiam
319 793 454 854 facientia
474 797 601 854 carmina
626 793 758 872 palmam.
849 851 852 857 .

37 879 110 953 Quid
131 879 237 954 refert,
260 878 335 938 tales
362 894 467 937 versus
494 893 549 957 qua
575 895 651 938 voce
676 871 828 954 legantur?

75 963 136 1024 Sed
160 981 235 1024 nanc
256 961 353 1022 dilatis
377 963 616 1040 auerte-negotia
644 963 720 1020 curis

35 1046 70 1106 m
95 1055 207 1124 gratam
230 1047 360 1124 requiem
386 1045 461 1117 dona
478 1045 545 1119 tibi,
573 1045 686 1122 quando
709 1042 810 1102 licebit

34 1131 88 1190 Per
111 1139 202 1189 totum
224 1147 346 1188 cessare
369 1128 460 1196 diem.;
486 1146 543 1188 non
564 1130 674 1188 tenoris
699 1127 758 1186 ulla
970 1138 1017 1192 185

34 1213 143 1274 llentio
160 1231 237 1288 nec,
265 1213 357 1291 prima
378 1214 405 1270 si
427 1213 493 1272 luce
517 1230 641 1290 egressa
664 1213 772 1271 reverti

34 1297 129 1357 Nocte
152 1296 243 1372 solet,
270 1297 358 1356 tacito
381 1295 467 1356 bilem
489 1297 542 1356 tibi
567 1295 717 1356 contrahat
738 1311 822 1369 uxor,

34 1380 155 1440 Humida
177 1382 322 1459 suspectis
348 1380 482 1440 referens
507 1380 632 1440 multicia
654 1379 736 1456 rugis

33 1464 222 1542 vexatasque
249 1457 347 1523 conde
377 1473 405 1522 et
428 1463 536 1523 vatum
558 1481 715 1540 auremque
738 1461 891 1522 calentem.

34 1548 168 1608 Protinus
191 1556 257 1607 ante
280 1559 374 1606 meum
395 1547 532 1624 quidquid
559 1546 638 1606 dolet
660 1563 735 1605 errare
757 1546 853 1620 limen,
968 1555 1019 1609 190

34 1631 113 1690 Pone
135 1630 248 1690 domurn
268 1639 301 1691 et
325 1647 428 1690 servos
451 1639 483 1688 et
507 1630 645 1709 quidquid
670 1629 809 1705 frangitur
833 1629 892 1689 illis

33 1716 92 1776 Aut
115 1715 206 1792 perit;
233 1717 363 1792 ingratos
386 1723 452 1774 ante
477 1715 570 1774 omnia
593 1731 669 1792 pone
696 1712 823 1772 sodales.

34 1798 150 1858 interea
173 1797 389 1876 Megalesiacae
411 1798 583 1877 spectacula
607 1813 729 1876 mappae

34 1881 153 1942 ldaeum
178 1881 319 1940 sollemne
345 1883 460 1955 colunt,
486 1881 645 1958 similisque
669 1879 812 1956 triumpho
850 1877 859 1892 ’

33 1965 147 2025 Praeda
170 1963 347 2022 caballorum
370 1973 489 2041 praetor
511 1963 594 2022 sedet
614 1981 666 2038 ac,
692 1962 760 2020 milri
782 1979 857 2040 pace
967 1975 1017 2028 lon

32 2047 196 2108 immensae
221 2047 382 2125 nimiaeque
409 2047 478 2106 licet
497 2047 523 2104 si
543 2046 643 2105 dicere
665 2044 772 2124 plebis,

33 2132 139 2191 Totam
163 2128 250 2189 hodie
272 2128 391 2190 Romam
414 2131 508 2189 circus
530 2130 608 2208 capit
628 2139 660 2188 et
677 2130 780 2205 fragor
801 2147 897 2189 aurem
973 2204 976 2209 Ι

34 2214 180 2289 Perculit,
204 2222 340 2272 euentum
362 2213 461 2272 viridis
484 2230 545 2292 quo
571 2212 683 2290 colligo
707 2213 802 2290 pauni.

35 2297 107 2358 Nam
131 2299 156 2356 si
180 2297 335 2372 deiiceret,
361 2305 500 2357 maestam
521 2299 732 2376 attonitamque
751 2295 867 2354 videres

35 2381 117 2442 llanc
142 2380 258 2456 urbem,
284 2380 374 2440 velati
401 2379 559 2442 Cannarum
580 2383 608 2441 in
628 2381 750 2459 pulvere
775 2379 860 2438 victis
967 2392 1019 2442 200

38 2463 224 2524 Consulibus.
261 2459 403 2543 'Snpectem
425 2467 562 2542 iuvenes,
585 2482 662 2544 quos
687 2465 796 2524 clamor
818 2471 849 2521 et
872 2463 964 2522 audax

37 2550 181 2626 Sponsio,
208 2563 280 2626 quor
307 2549 402 2608 cultae
422 2550 511 2610 decet
536 2551 684 2610 assedisse
708 2547 841 2627 puellae;

37 2631 144 2691 Nostra
170 2631 248 2691 biom
270 2649 389 2692 vernum
415 2643 561 2693 contracta
580 2633 708 2692 cuticula
732 2632 825 2691 solem

37 2714 223 2794 Ell'ugiatque
248 2724 356 2792 togam.
394 2715 452 2775 lam
475 2733 550 2776 nunc
571 2717 598 2776 in
619 2715 723 2775 balnea
745 2714 826 2774 salva

38 2796 144 2858 Fronte
168 2800 238 2859 licet
260 2799 367 2875 vadas,
393 2815 562 2878 quamquam
585 2798 678 2859 solida
703 2799 774 2858 lrora
799 2797 926 2876 mapersit
968 2808 1017 2859 atu

39 2880 83 2940 dd
107 2892 228 2942 sextam.
269 2880 381 2942 Facere
403 2883 462 2943 lroc
482 2901 540 2943 non
563 2884 662 2962 qossis
682 2884 809 2961 quinque
832 2880 933 2942 diebus

32 2961 206 3043 Continuis,
227 2967 293 3045 quia
317 2975 382 3026 sunt
404 2966 469 3026 talis
494 2983 609 3046 quoque
634 2966 728 3025 taedia
750 2966 828 3024 vitae

40 3045 155 3126 llagnm
178 3050 345 3128 voluptates
365 3053 548 3112 commendat
567 3051 662 3110 rarior
683 3065 763 3108 usus.

422 3279 627 3289 mnu-a·—
