2480 4006
420 245 544 293 sanum
566 245 614 294 vr.
948 233 987 294 45

28 402 83 444 uae
102 385 231 463 peperit;
254 382 367 442 timidus
389 392 561 461 praegustet
581 383 688 462 pocula
709 385 847 463 puppas]

28 469 147 546 ingimus
169 466 352 528 boccalium
374 468 462 526 satira
485 475 616 526 sumente
637 467 822 526 cothurnum

28 553 122 613 :ilicet
145 561 174 612 ct
196 552 281 610 linem
303 551 418 628 egressi
440 549 596 628 legemque
620 552 747 628 priorum
938 563 989 618 635

28 636 116 695 rande
139 635 308 714 Sophocleo
333 653 450 694 carmen
471 634 646 694 bacchamur
668 634 757 710 biatu,

30 719 146 779 ontibus
165 721 294 796 ignotum
314 717 429 778 Rutulis
452 711 597 796 coeloque
619 713 741 777 Latino?

28 822 59 862 ns
81 804 188 862 utinam
210 802 290 862 uani!
313 800 366 861 sed
390 801 493 861 clamat
511 801 628 861 Pontia:
651 799 734 876 Feci,

28 888 167 962 onbteor,
192 887 350 965 puerisque
372 886 445 944 meis
467 887 580 946 aconita
603 887 713 962 paravi,

28 989 80 1030 uae
99 970 247 1049 deprensa
271 977 384 1048 patent:
406 969 534 1028 lacinus:
557 977 651 1029 tamen
672 971 737 1046 ipsa
759 971 919 1047 peregi-
939 981 991 1035 646

28 1073 78 1114 une
102 1053 177 1113 duos
199 1071 269 1128 una,
293 1054 463 1112 saevissima
486 1055 604 1132 vipera,
629 1048 744 1113 coena?

28 1157 78 1197 une
101 1134 387 1215 duosl—Septem,
406 1137 430 1196 si
442 1146 554 1214 septem
575 1137 651 1197 lorte
675 1136 861 1197 luissent!-

28 1221 161 1280 redamus
182 1221 319 1299 tragicis,
343 1220 479 1299 quidquid
500 1221 537 1281 de
561 1219 702 1281 Colchide
722 1229 805 1281 torva

30 1306 111 1364 icitur
135 1313 165 1364 ct
187 1304 317 1364 Procne:
340 1304 379 1363 nil
403 1314 502 1364 contra
526 1321 632 1373 conor;
655 1315 684 1365 et
706 1303 773 1363 illae

30 1389 123 1448 randia
147 1397 274 1448 monstra
297 1389 356 1447 suis
375 1387 519 1448 audebant
541 1389 736 1465 temporibus;
759 1388 811 1447 sed
940 1402 991 1456 645

28 1471 63 1530 'on
86 1481 212 1550 propter
232 1489 373 1531 nummos.
418 1469 513 1531 Minor
534 1471 683 1532 admiratio
704 1473 820 1530 summis

28 1556 132 1616 tebetur
154 1557 306 1629 monstris,
330 1556 445 1634 quoties
467 1555 538 1614 iacit
560 1556 602 1614 ira
624 1564 778 1615 nocentem

28 1639 80 1698 [unc
100 1658 218 1707 sexum;
241 1638 323 1698 rabie
345 1640 428 1699 iecur
449 1639 624 1699 incendente
646 1639 777 1699 feruntur

29 1725 198 1802 raecipites,
220 1731 250 1782 ut
272 1741 342 1782 saxa
365 1724 440 1801 iugis
464 1721 602 1800 abrupta,
627 1722 730 1801 quibus
751 1737 833 1782 mons

28 1805 186 1866 ubtrabitur
208 1806 344 1885 clivoque
366 1807 440 1867 latus
461 1805 606 1884 pendente
628 1807 751 1866 recedit.
940 1820 992 1873 650

28 1887 79 1948 llarn
103 1907 165 1968 ego
186 1908 244 1949 uon
266 1889 396 1966 tulerim,
420 1905 494 1968 quae
516 1899 663 1967 computat
682 1899 712 1948 et
732 1888 830 1948 scelus
852 1891 955 1967 ingens

28 1971 75 2032 lana
94 1975 177 2034 lacit.
222 1975 363 2050 Spectant
384 1971 555 2032 subeuntem
575 1973 634 2032 fata
654 1974 747 2033 rnariti

29 2053 144 2116 ilcestim
167 2064 213 2132 et,
236 2055 336 2114 similis
354 2057 378 2114 si
402 2057 573 2133 permutatio
596 2057 690 2132 detur,

30 2135 92 2199 lorte
115 2140 174 2198 viri
198 2141 314 2218 cupiant
334 2141 455 2199 animaru
477 2157 596 2200 servare
621 2140 755 2201 catellae.

31 2219 165 2284 lcuurrent
186 2223 367 2282 multaetibi
388 2223 506 2284 Belides
525 2233 611 2303 atque
634 2223 794 2304 Eriphylae
940 2237 992 2292 655

32 2301 100 2375 lane;
123 2305 384 2382 Clytaemnestram
407 2307 501 2366 nullus
521 2325 579 2367 non
599 2311 681 2368 vicus
702 2309 828 2370 habebit.

33 2383 69 2446 loc
87 2400 193 2451 tantum
209 2391 316 2466 refert,
340 2391 418 2470 quod
441 2390 581 2466 Tyndaris
602 2393 651 2452 illa
674 2392 829 2471 bipennem

35 2473 142 2534 nsulsam
165 2483 195 2534 et
217 2475 321 2535 fatuam
344 2474 446 2535 dextra
469 2475 611 2554 laevaque
631 2476 765 2537 tenebat·
833 2545 840 2559 ι

36 2561 51 2610 ll
68 2574 137 2619 nunc
159 2577 209 2617 res
228 2561 322 2636 agitur
344 2561 422 2633 tenui
444 2559 579 2636 pulmone
601 2559 733 2635 rubetae,

37 2636 68 2695 bd
86 2650 178 2702 tamen
199 2651 228 2702 et
250 2642 347 2717 ferro,
369 2643 394 2700 si
414 2640 613 2718 praegustabit
635 2641 754 2703 Atrides
941 2654 992 2709 666

38 2719 123 2786 'ontica
143 2735 190 2787 ter
211 2727 281 2786 victi
300 2734 399 2786 cautus
420 2723 608 2783 medicamina
625 2725 714 2800 regis.
