2460 4004
222 256 261 317 60
551 269 586 316 ι).
611 268 682 315 run.
706 265 891 315 ruvunams

222 406 313 480 Quam
335 415 363 465 te
391 404 543 466 Thersitae
566 406 688 465 similem
712 406 852 484 producat
872 404 1014 466 Achilles.

220 488 258 548 m
281 497 391 564 tamen,
415 499 446 548 ut
468 490 556 566 louge
576 499 693 568 repetas
713 491 860 567 longeque
882 489 1020 550 revolvas

220 571 350 648 Nomen,
376 572 412 631 ab
433 573 529 632 infami
545 582 663 648 gentem
683 574 803 634 deducis
825 573 923 648 asylo:

221 654 360 715 Naiorum
380 657 505 733 primus,
529 656 658 734 quisquis
680 659 732 716 fuit
753 655 819 732 itte,
840 665 953 716 tuorum

222 738 280 798 Aut
300 749 400 817 pastor
424 740 476 800 fuit
502 749 549 799 aut
567 739 637 798 illud
660 742 737 820 quod
760 740 859 799 dicere
881 741 961 800 nolo.
1152 750 1195 805 art

613 936 820 944 ...ι-

559 1081 860 1146 SATIRAIX.

220 1189 435 1301 Scirorum,
458 1244 549 1305 quare
569 1228 657 1286 toties
678 1226 761 1300 mihi,
786 1225 938 1301 Naevole‚
962 1225 1051 1285 tristis

220 1309 365 1371 Occurras
386 1309 481 1369 ironte
505 1309 645 1385 obducta,
670 1328 724 1369 cen
745 1309 860 1384 Marsya
880 1311 984 1369 victus.

221 1391 296 1467 Quid
316 1391 368 1451 tibi
393 1411 457 1452 cum
478 1393 573 1470 vultu,
596 1393 710 1473 qualem
734 1394 896 1472 deprensus
916 1392 1043 1452 habebat

220 1475 347 1550 Rauola,
370 1476 435 1535 dum
457 1475 616 1557 Rhodopes
634 1477 690 1537 uda
711 1478 778 1536 terit
800 1477 914 1554 inguina
937 1471 1049 1536 barba?

220 1559 281 1620 Nos
305 1559 458 1638 colaphum
478 1561 628 1620 incutimus
652 1559 787 1620 lambenti
809 1559 936 1620 crustula
958 1575 1057 1618 servo.
1181 1571 1193 1622 t

223 1643 285 1703 lon
310 1653 373 1702 erat
394 1643 449 1702 hac
468 1644 543 1703 facie
564 1643 757 1704 miserabilior
779 1641 956 1721 Crepereius

221 1726 330 1802 Pollio,
357 1727 404 1804 qui
426 1727 570 1804 triplicem
595 1745 707 1786 usuram
729 1736 879 1804 praestare
902 1734 1020 1804 paratus

221 1808 357 1870 circumit
383 1819 411 1868 et
432 1809 527 1870 fatuos
548 1827 605 1870 non
626 1812 742 1869 invenit.
779 1809 861 1870 Unde
883 1817 1005 1888 repente

221 1893 277 1953 'lot
297 1889 409 1970 rugae?
437 1903 518 1953 certe
538 1895 652 1954 modico
674 1903 824 1953 contentus
843 1893 953 1970 agebas

219 1978 346 2037 Vernam
369 1977 511 2054 equitem,
535 1980 656 2038 conviva
677 1979 743 2038 ioco
769 1977 919 2036 mordente
944 1976 1059 2036 facetus
1168 1988 1210 2048 1⁰5

220 2060 257 2121 Et
279 2059 388 2120 salibus
409 2060 567 2120 vehemens
588 2063 661 2121 intra
682 2062 832 2139 pomoeria
852 2061 935 2120 uatis.
1052 2058 1055 2064 '
1204 2049 1210 2124 l

221 2142 322 2202 Omnia
344 2161 419 2202 nuno
446 2153 561 2205 contra:
581 2145 676 2204 vultus
698 2147 813 2221 gravis,
837 2143 953 2203 horrida
974 2145 1076 2203 siccae
1207 2145 1208 2160 ¹

221 2225 300 2286 Silva
322 2242 439 2300 comae,
459 2227 553 2286 nullus
575 2236 635 2288 tota
656 2229 732 2287 nitor
751 2230 780 2287 in
800 2236 881 2303 cute,
906 2227 1020 2304 qualem

220 2309 328 2368 Bruttia
351 2308 518 2385 praestabat
538 2310 624 2370 calidi
643 2310 693 2370 tibi
714 2311 805 2372 fascia
826 2311 910 2385 visci,

221 2391 280 2452 Sed
301 2391 452 2450 fruticante
475 2393 535 2470 pilo
557 2393 693 2470 neglecta
716 2403 745 2454 et
767 2393 897 2473 squalida
919 2411 1012 2454 crura.
1167 2403 1190 2454 15

221 2475 297 2548 Quid
319 2475 427 2534 macies
446 2477 526 2552 aegri
550 2479 673 2552 veteris,
699 2497 784 2556 quem
805 2487 936 2554 tempore
958 2478 1048 2554 longo

220 2559 326 2618 Torret
349 2567 448 2636 quarta
474 2559 537 2618 dies
557 2561 682 2639 olimque
705 2563 862 2622 domestica
883 2559 998 2620 febris?

219 2641 393 2719 Deprendas
414 2643 498 2701 animi
523 2653 663 2704 tormenta
685 2645 801 2705 latentis
822 2646 851 2704 iu
870 2660 960 2721 aegro

222 2724 371 2802 Corpore,
393 2724 555 2802 deprendas
574 2737 604 2788 et
624 2729 741 2805 gaudia;
765 2729 849 2786 sumit
871 2737 1021 2806 utrumque
1054 2795 1057 2801 ¹

220 2808 290 2868 Inde
312 2807 437 2869 habitum
457 2809 558 2870 iacies.
591 2811 681 2888 Igitur
696 2812 814 2871 flexisse
835 2811 943 2870 videris
1165 2817 1191 2866 tt

221 2891 404 2969 Propositum
428 2903 456 2953 et
477 2896 553 2954 vitae
577 2897 736 2954 contrarius
757 2896 800 2954 ire
825 2896 925 2972 priori.

154 3015 156 3020 ·
220 2973 321 3052 Nuper
340 2977 431 3053 enim,
454 2987 484 3037 ut
505 2987 623 3056 repeto,
646 2978 741 3038 fanum
762 2977 846 3038 lsidis
866 2987 895 3037 et
915 2975 1109 3052 Ganymedem

220 3057 304 3118 Pacis
327 3067 356 3118 et
378 3061 518 3121 advectae
541 3070 656 3120 secreta
681 3061 788 3140 palatia
810 3061 909 3120 Matris

220 3139 257 3200 Et
277 3138 416 3203 Cererem
438 3145 517 3222 (nam
539 3161 596 3222 quo
620 3161 676 3202 non
699 3153 811 3222 prostat
833 3145 938 3205 femina
958 3141 1107 3223 templol)

220 3223 324 3285 Notior
347 3225 462 3286 Aufidio
485 3225 625 3286 moechus
651 3226 801 3287 scelerare
824 3228 954 3304 solebas,
1164 3231 1189 3283 at

221 3305 363 3387 Quodque
388 3319 485 3385 taces,
512 3310 594 3386 ipsos
619 3311 703 3369 etiam
726 3310 864 3371 inclinare
885 3313 1013 3372 maritos.

263 3391 363 3465 „Utile
384 3399 413 3450 et
434 3391 491 3451 lroc
509 3391 605 3452 multis
625 3393 702 3453 vitae
724 3412 832 3470 genum
854 3404 883 3456 at
904 3394 971 3454 milri
993 3394 1100 3474 nullum

219 3473 290 3538 lude
311 3490 422 3550 operae
444 3476 575 3552 pretium.
611 3476 738 3554 Pingues
759 3478 911 3557 aliquando
936 3478 1080 3554 lacernas,
