2480 4006
190 245 229 306 36
532 255 568 301 n.
590 255 661 302 run.
685 253 872 302 ruvnunnrs

187 394 328 456 Hannibal
351 403 380 453 et
403 402 513 452 stantes
538 390 652 453 Collina
677 402 756 452 turre
781 393 884 452 mariti.

187 478 271 538 Nunc
294 479 418 556 patimur
439 477 546 554 longae
569 479 651 555 pacis
675 477 762 545 mala;
787 479 904 536 saevior
927 477 1011 536 armis

186 562 310 642 Luxuria
332 560 460 621 incubuit
481 563 653 639 victumque
669 561 820 621 ulciscitur
842 560 953 621 orbem„

187 645 302 706 Nullum
326 647 433 706 crimen
456 643 540 705 abest
561 644 732 724 facinusque
754 643 897 719 libidinis,
922 663 959 704 ex
980 661 1036 722 quo

186 730 344 808 Paupertas
368 728 497 790 Romana
519 731 611 808 perit:
637 728 703 790 bino
725 728 807 788 fluxit
830 727 865 789 ad
887 730 960 788 istos
1126 737 1182 791 295
1221 779 1222 794 i

186 812 224 873 Et
246 813 366 889 Sybaris
390 813 501 888 colles,
525 812 593 895 hine
616 822 645 872 et
667 811 788 871 Rhodos
812 820 841 870 et
863 810 980 871 Miletos

185 897 283 975 Atque
306 906 475 957 coronatum
495 904 524 956 et
546 896 679 973 petulans
700 893 901 972 madidumque
923 894 1088 955 Tarentum.

185 978 278 1040 Prima
300 981 473 1059 peregrinos
497 978 626 1039 obscena
649 979 771 1058 pecnnia
793 994 890 1038 mores

185 1063 296 1139 Intulit,
320 1073 349 1123 et
368 1064 445 1141 turpi
467 1064 619 1140 inegerunt
639 1061 739 1122 secula
762 1063 831 1122 luxu

185 1147 309 1206 Divitiae
331 1146 446 1206 molles.
481 1145 556 1220 Quid
583 1148 657 1206 enim
677 1147 777 1206 Venus
800 1145 881 1206 ebria
907 1145 1010 1208 curatl
1125 1159 1181 1212 300

186 1231 313 1308 Inguinis
336 1239 366 1291 et
387 1233 490 1310 capitis
514 1248 589 1309 quae
612 1232 668 1290 sint
691 1230 871 1305 discrimina,
895 1232 1005 1306 nescit,

187 1313 310 1375 Grandia
334 1332 408 1392 quae
430 1313 532 1374 mediis
554 1316 610 1374 iam
632 1313 765 1374 noctibus
788 1323 886 1373 ostrea
909 1315 1032 1392 mordet,

187 1397 280 1470 Quum
303 1399 421 1476 perlusa
443 1415 524 1474 mero
546 1408 678 1477 spumant
697 1406 842 1476 unguenta
863 1397 1000 1474 Falerno,

187 1481 279 1554 Quum
300 1481 407 1543 bibitur
430 1483 556 1558 concha,
586 1501 672 1560 quum
696 1485 751 1542 iam
773 1483 917 1558 vertigine
938 1490 1045 1542 tectum

185 1564 322 1626 Ambulat
346 1575 376 1626 et
396 1568 518 1644 geminis
541 1568 673 1644 exsurgit
695 1583 794 1626 mensa
819 1565 956 1626 lucernis.

184 1648 198 1709 1
219 1668 295 1710 nunc
317 1659 347 1710 et
369 1650 481 1726 dubita,
506 1667 562 1728 qna
585 1649 705 1710 sorbeat
727 1668 795 1710 aera
818 1667 907 1709 sanna

187 1732 298 1810 Tullia,
322 1734 390 1812 quid
413 1734 490 1795 dicat
510 1743 598 1794 notae
621 1733 765 1794 collactea
785 1732 919 1810 Maurae,

185 1815 283 1876 Nauna
304 1817 462 1878 Pudicitiae
483 1825 614 1878 veterem
636 1835 722 1896 quum
744 1819 883 1895 praeterit
904 1835 992 1878 aram.

184 1899 326 1960 Noctibus
350 1901 398 1960 bic
419 1911 530 1980 ponunt
552 1902 688 1976 lecticas,
715 1903 879 1961 micturiunt
898 1902 945 1962 bic

185 1983 379 2064 Elligiemqne
402 1985 476 2046 deae
501 1985 597 2063 longis
624 1984 794 2065 siphonibus
815 1985 935 2063 implent

184 2067 275 2145 Inque
297 2071 379 2128 vices
403 2071 532 2147 equitant
553 2088 588 2130 ae
609 2070 677 2130 luna
699 2077 776 2128 teste
796 2079 964 2136 mouentum

184 2151 254 2211 Inde
275 2151 376 2211 domos
400 2152 519 2212 abeunt:
545 2162 574 2211 tu
599 2153 695 2213 calcas
717 2153 784 2212 luce
807 2171 926 2213 reversa

187 2232 325 2312 Coniugis
347 2235 455 2295 urinam
479 2253 599 2314 magnos
622 2238 736 2306 visurus
760 2237 880 2296 amicos.

184 2317 260 2378 Nota
282 2317 380 2378 bonae
403 2328 520 2380 secreta
542 2319 641 2396 Deae,
664 2339 749 2400 quum
769 2320 838 2379 tibia
864 2319 977 2379 lumbos

184 2401 286 2461 Incitat
309 2411 338 2462 et
360 2420 449 2462 cornu
471 2406 580 2482 pariter
601 2407 727 2484 vinoque
752 2404 883 2464 feruntur

184 2484 333 2545 Attonitae
356 2489 523 2566 crinemque
544 2498 640 2549 rotant
660 2489 829 2566 ululantque
851 2486 946 2565 Priapi

185 2567 356 2639 Maenades;
384 2589 402 2630 o
425 2581 547 2650 quantus
569 2583 637 2632 tunc
656 2572 715 2632 illis
736 2569 880 2631 mentibus
900 2569 987 2630 ardor

186 2651 380 2731 Concubitus,
406 2673 480 2733 quae
504 2674 563 2716 vox
585 2657 708 2718 saltante
728 2655 862 2731 libidine,
886 2663 1007 2733 quantus

184 2736 238 2797 llle
260 2738 331 2796 meri
352 2742 461 2799 veteris
485 2759 539 2819 per
560 2758 644 2800 crura
667 2739 810 2799 madentia
832 2739 962 2798 torrens!

184 2821 332 2882 Lenonum
350 2823 471 2884 ancillas
491 2826 586 2903 posita
612 2823 729 2883 Saufeia
751 2838 860 2882 corona

185 2905 332 2967 Provocat
351 2926 385 2968 ao
406 2908 483 2968 tollit
504 2908 656 2986 pendentis
678 2907 804 2984 praemia
827 2921 931 2978 coxae,

184 2989 253 3067 Ipsa
274 2988 450 3052 Medullinae
473 2991 589 3051 ductum
608 2991 756 3049 crissantis
774 2987 889 3048 adorat:

185 3072 309 3134 Palmam
328 3077 402 3135 inter
424 3076 552 3135 dominas
573 3075 664 3132 virtus
686 3070 827 3132 natalibus
847 3079 963 3151 aequat.

184 3153 232 3216 Nil
252 3158 292 3217 ibi
314 3177 368 3238 per
391 3159 487 3219 ludum
509 3155 701 3224 simulabitur;
723 3156 817 3215 omnia
838 3156 906 3216 lient
956 3203 958 3209 Α

185 3240 231 3300 Ad
252 3261 368 3318 verum,
393 3241 495 3320 quibus
518 3240 631 3300 incendi
653 3241 708 3300 iam
731 3239 852 3317 lrigidus
875 3258 949 3301 aevo
1122 3250 1176 3303 325

185 3323 445 3386 Laomedontiades
468 3333 498 3384 et
520 3323 653 3383 Nestoris
675 3324 775 3384 hernia
798 3326 901 3402 possit.

187 3407 267 3467 Tunc
289 3411 408 3486 prurigo
429 3425 529 3468 morae
551 3410 720 3487 impatiens,
743 3417 801 3468 tum
832 3408 938 3469 lamina
958 3405 1095 3484 simplex,

185 3491 228 3550 dc
245 3492 354 3570 pariter
373 3502 434 3554 toto
456 3495 598 3574 repetitus
621 3493 730 3554 clamor
751 3493 786 3553 ab
810 3502 919 3553 antro:-
