2460 4004
416 305 540 351 saulieu
564 307 623 352 VII.

20 443 179 502 Lautorum
194 459 325 520 pueros:
347 452 439 502 artem
461 444 578 503 scindes
600 443 756 504 Theodori.

21 526 134 585 Balnea
160 528 305 585 sescentis
328 535 357 585 et
378 525 468 604 pluris
491 528 631 605 porticus,
655 529 683 585 iu
706 546 761 606 qua

22 608 163 668 Gestetur
184 609 331 685 dominus,
354 611 469 688 quotics
490 610 576 688 pluit;
597 627 670 670 anne
686 629 826 671 serenum

20 692 189 771 Exspectat
210 702 387 771 spargatque
410 693 470 752 luto
493 695 617 754 iumenta
638 692 770 754 recenti?
961 705 1011 758 180

20 775 79 834 llic
100 777 212 854 potius,
235 794 357 854 namque
381 776 428 835 hic
448 776 570 836 mundae
588 779 661 837 nitet
683 778 787 854 ungula
809 777 913 837 mulae.

20 859 110 919 Parte
130 859 187 920 alia
209 859 305 937 longis
327 858 509 919 Numidarum
531 861 602 922 lulta
624 861 763 921 columnis

20 945 131 1020 Surget
153 952 182 1002 et
202 943 347 1020 algentem
368 945 461 1022 rapiat
476 946 610 1004 coenatio
630 945 733 1005 solem.

20 1026 254 1104 Quanticumque
277 1027 396 1103 domus,
417 1029 516 1086 veniet
538 1031 586 1106 qui
608 1029 719 1088 fercula
738 1028 825 1088 docte
881 1024 883 1027 ’

21 1108 202 1189 Componat3
225 1111 323 1170 reniet
342 1113 390 1189 qui
413 1111 602 1189 pulmentaria
625 1113 732 1172 condit.
960 1121 1011 1174 185

19 1193 84 1254 Hos
108 1196 182 1254 inter
203 1203 332 1272 sumptus
353 1197 488 1255 sestertia
510 1194 695 1271 Quintiliano,

20 1277 58 1337 Ut
81 1277 216 1352 multum,
239 1278 295 1337 duo
318 1278 477 1338 sullicient:
498 1297 547 1338 res
569 1279 646 1340 nulla
668 1281 785 1339 minoris

22 1360 178 1421 Constabit
200 1363 289 1439 patri,
313 1379 397 1439 quam
419 1362 631 1423 lilius-Unde
653 1365 740 1440 igitur
760 1371 803 1422 tot

22 1444 216 1517 Quintilianus
239 1444 328 1504 hahet
350 1442 464 1506 saltus?
480 1445 680 1524 —Exempla
699 1462 839 1504 novorum

21 1527 160 1590 Fatorum
179 1529 284 1588 transi:
307 1528 380 1588 felix
401 1533 431 1589 et
452 1528 575 1606 pulcher
597 1539 626 1588 et
647 1547 733 1604 acer,
962 1537 1011 1590 190

23 1611 109 1672 Felix
132 1619 160 1669 et
180 1613 298 1689 sapiens
319 1621 348 1670 et
370 1610 476 1672 nobilis
497 1621 526 1671 et
547 1630 721 1688 generosus,

21 1696 197 1774 appositam
219 1696 319 1772 nigrae
339 1695 433 1756 lunam
454 1694 580 1754 subtexit
604 1696 715 1762 alutae;

22 1778 109 1840 Felix
130 1787 229 1837 orator
251 1797 367 1858 quoque
389 1781 528 1840 maximus
551 1789 580 1839 et
600 1779 755 1845 iaculatum

23 1861 76 1938 llt,
102 1864 127 1921 si
150 1863 298 1940 perfrixit,
318 1873 413 1923 cantat
435 1863 520 1923 hene.
563 1862 658 1922 Distat
681 1865 773 1937 enim,
797 1880 870 1940 quae

23 1947 129 2006 Sidera
152 1954 181 2004 te
203 1948 348 2022 excipiant
370 1947 456 2005 modo
476 1947 586 2023 primos
607 1946 793 2022 incipientem
961 1951 1010 2005 195

22 2028 123 2089 Edere
145 2030 258 2104 vagitus
281 2038 310 2086 et
331 2029 425 2088 adhuc
445 2047 461 2088 a
482 2037 574 2088 matre
596 2027 757 2086 rubentem.

23 2113 51 2171 Si
62 2114 194 2176 Fortuna
216 2110 312 2186 volet,
337 2111 391 2171 lies
413 2112 449 2171 de
470 2111 588 2171 rhetore
610 2111 727 2179 consul;

23 2197 52 2254 Si
75 2195 160 2255 volet
181 2193 255 2254 haec
277 2194 397 2270 eadem,
420 2195 473 2254 lies
495 2197 532 2256 de
555 2195 676 2255 consule
697 2194 806 2255 rhetor.

23 2279 177 2339 Ventidius
200 2278 268 2356 quid
292 2276 385 2337 enim?
407 2279 475 2357 quid
498 2277 630 2339 Tullius?
651 2297 724 2339 aune
749 2279 825 2340 aliud
855 2295 939 2360 quam

25 2362 111 2422 Sidus
137 2372 165 2422 et
189 2362 298 2421 occulti
319 2363 445 2422 miranda
468 2365 597 2441 potentia
618 2360 689 2424 lati?
959 2370 1011 2421 200

25 2447 126 2504 Servis
146 2464 236 2522 regna
258 2445 379 2522 dabunt,
404 2449 525 2525 captivis
545 2448 603 2509 iata
623 2446 804 2525 triumphum.

24 2527 109 2588 Felix
127 2529 177 2588 ille
196 2539 290 2589 tamen
312 2547 402 2589 corvo
424 2548 541 2610 quoque
562 2533 656 2592 rarior
679 2530 757 2591 albo.

26 2611 169 2672 Poenituit
190 2613 295 2672 multos
316 2631 407 2674 vanae
430 2615 597 2693 sterilisque
620 2614 787 2688 cathedrae,

27 2697 108 2755 Sicut
129 2695 335 2772 Thrasymachi
357 2696 461 2774 prohat
480 2699 574 2758 exitus
595 2708 681 2775 atque
705 2695 830 2756 Secundi

28 2777 201 2839 carrinatis:
220 2789 249 2838 et
271 2779 345 2839 hunc
364 2782 480 2859 inopem
501 2781 629 2855 vidistis,
652 2778 796 2851 Athenae,
959 2787 1011 2837 005

27 2861 72 2922 Nil
95 2872 212 2941 praeter
234 2863 347 2940 gelidas
369 2882 457 2924 ausae
479 2865 614 2923 conferre
638 2864 757 2922 cicutas.

27 2943 80 3020 Di,
102 2947 240 3005 maiorum
263 2945 369 3006 umbris
388 2957 503 3006 tenuem
524 2956 553 3006 et
573 2948 636 3004 siue
659 2944 790 3022 pondere
808 2952 931 3016 terram,

30 3029 236 3107 spirantesque
260 3047 364 3089 crocos
387 3040 416 3090 et
437 3033 465 3090 in
484 3047 554 3089 urna
576 3037 748 3108 perpetuum
768 3043 836 3102 ver,

31 3109 84 3182 Qui
106 3122 330 3191 praeceptorem
352 3109 443 3174 sancti
465 3113 588 3172 voluere
609 3112 738 3190 parentis

32 3191 103 3255 Esse
124 3195 208 3256 loco!
230 3195 361 3256 Metuens
380 3199 482 3274 virgae
503 3197 558 3256 iam
579 3195 696 3274 grandis
716 3193 850 3254 Achilles
959 3201 1012 3252 210

33 3275 170 3340 cantabat
191 3280 292 3357 patriis
311 3282 339 3338 in
360 3281 504 3340 montibus
535 3286 565 3340 et
593 3280 639 3339 cui
658 3295 716 3338 nou
735 3287 802 3338 tunc

33 3357 158 3423 Eliceret
178 3364 267 3422 risum
289 3363 448 3424 citharoedi
471 3364 561 3424 cauda
583 3364 728 3440 magistri:

34 3443 87 3508 Sed
108 3445 214 3506 liulum
237 3455 323 3524 atque
344 3447 417 3506 alios
439 3446 533 3508 caedit
554 3466 605 3507 sua
623 3464 766 3524 quemque
787 3447 930 3521 iuventus,

36 3525 148 3606 hulam,
174 3547 261 3608 quem
284 3530 371 3589 toties
395 3528 567 3590 Ciceronem
589 3530 752 3606 Allobroga
772 3529 851 3588 dixit.

761 3614 805 3672 4*
