<?xml version="1.0" encoding="UTF-8"?>
<!DOCTYPE html PUBLIC "-//W3C//DTD XHTML 1.0 Transitional//EN"
    "http://www.w3.org/TR/xhtml1/DTD/xhtml1-transitional.dtd">
<html xmlns="http://www.w3.org/1999/xhtml" xml:lang="en" lang="en">
 <head>
  <title>
</title>
<meta http-equiv="Content-Type" content="text/html;charset=utf-8" />
  <meta name='ocr-system' content='tesseract 3.04.00' />
  <meta name='ocr-capabilities' content='ocr_page ocr_carea ocr_par ocr_line ocrx_word'/>
</head>
<body>
  <div class='ocr_page' id='page_1' title='image "./satirarumlibriq04juvegoog_0092.png"; bbox 0 0 2460 4004; ppageno 0'>
   <div class='ocr_carea' id='block_1_1' title="bbox 433 242 1020 300">
    <p class='ocr_par' dir='ltr' id='par_1_1' title="bbox 433 242 1020 300">
     <span class='ocr_line' id='line_1_1' title="bbox 433 242 1020 300; baseline 0.012 -7"><span class='ocrx_word' id='word_1_1' title='bbox 433 247 557 294; x_wconf 74' lang='lat' dir='ltr'><strong>saurus</strong></span> <span class='ocrx_word' id='word_1_2' title='bbox 574 248 649 295; x_wconf 82' lang='lat' dir='ltr'><strong>mu.</strong></span> <span class='ocrx_word' id='word_1_3' title='bbox 981 242 1020 300; x_wconf 84' lang='lat'><strong>57</strong></span> 
     </span>
    </p>
   </div>
   <div class='ocr_carea' id='block_1_2' title="bbox 32 384 1021 3538">
    <p class='ocr_par' dir='ltr' id='par_1_2' title="bbox 32 384 1021 3538">
     <span class='ocr_line' id='line_1_2' title="bbox 35 384 916 465; baseline 0.001 -19"><span class='ocrx_word' id='word_1_4' title='bbox 35 387 138 446; x_wconf 87' lang='lat' dir='ltr'><strong>Solam</strong></span> <span class='ocrx_word' id='word_1_5' title='bbox 159 384 290 464; x_wconf 83' lang='lat' dir='ltr'><strong>Eponam</strong></span> <span class='ocrx_word' id='word_1_6' title='bbox 313 394 341 444; x_wconf 92' lang='lat' dir='ltr'><strong>et</strong></span> <span class='ocrx_word' id='word_1_7' title='bbox 363 385 454 445; x_wconf 82' lang='lat' dir='ltr'><strong>iacies</strong></span> <span class='ocrx_word' id='word_1_8' title='bbox 479 385 554 444; x_wconf 91' lang='lat' dir='ltr'><strong>olida</strong></span> <span class='ocrx_word' id='word_1_9' title='bbox 579 385 614 444; x_wconf 93' lang='lat' dir='ltr'><strong>ad</strong></span> <span class='ocrx_word' id='word_1_10' title='bbox 637 388 792 465; x_wconf 90' lang='lat' dir='ltr'><strong>praesepia</strong></span> <span class='ocrx_word' id='word_1_11' title='bbox 814 387 916 464; x_wconf 92' lang='lat' dir='ltr'><strong>pictas.</strong></span> 
     </span>
     <span class='ocr_line' id='line_1_3' title="bbox 36 468 845 547; baseline -0.001 -18"><span class='ocrx_word' id='word_1_12' title='bbox 36 469 96 530; x_wconf 87' lang='lat' dir='ltr'><strong>Sed</strong></span> <span class='ocrx_word' id='word_1_13' title='bbox 121 487 206 547; x_wconf 92' lang='lat' dir='ltr'><strong>quum</strong></span> <span class='ocrx_word' id='word_1_14' title='bbox 227 468 387 547; x_wconf 78' lang='lat' dir='ltr'><strong>pervigiles</strong></span> <span class='ocrx_word' id='word_1_15' title='bbox 409 468 507 546; x_wconf 91' lang='lat' dir='ltr'><strong>placet</strong></span> <span class='ocrx_word' id='word_1_16' title='bbox 530 469 689 528; x_wconf 89' lang='lat' dir='ltr'><strong>instaurare</strong></span> <span class='ocrx_word' id='word_1_17' title='bbox 711 471 845 547; x_wconf 81' lang='lat' dir='ltr'>popinas,</span> 
     </span>
     <span class='ocr_line' id='line_1_4' title="bbox 37 549 760 630; baseline -0.001 -19"><span class='ocrx_word' id='word_1_18' title='bbox 37 549 150 611; x_wconf 80' lang='lat' dir='ltr'><strong>Obuius</strong></span> <span class='ocrx_word' id='word_1_19' title='bbox 175 551 290 612; x_wconf 91' lang='lat' dir='ltr'><strong>assiduo</strong></span> <span class='ocrx_word' id='word_1_20' title='bbox 315 552 532 630; x_wconf 75' lang='lat' dir='ltr'><strong>[Syrophoenix</strong></span> <span class='ocrx_word' id='word_1_21' title='bbox 554 551 626 610; x_wconf 90' lang='lat' dir='ltr'><strong>udus</strong></span> <span class='ocrx_word' id='word_1_22' title='bbox 649 569 760 611; x_wconf 93' lang='lat' dir='ltr'><strong>amomo</strong></span> 
     </span>
     <span class='ocr_line' id='line_1_5' title="bbox 36 632 1021 714; baseline -0.001 -19"><span class='ocrx_word' id='word_1_23' title='bbox 36 632 151 711; x_wconf 80' lang='lat' dir='ltr'><strong>Gurrit,</strong></span> <span class='ocrx_word' id='word_1_24' title='bbox 173 634 338 714; x_wconf 86' lang='lat' dir='ltr'><strong>Idumaeae]</strong></span> <span class='ocrx_word' id='word_1_25' title='bbox 361 635 566 713; x_wconf 77' lang='lat' dir='ltr'><strong>Syrophoenix</strong></span> <span class='ocrx_word' id='word_1_26' title='bbox 586 635 683 695; x_wconf 93' lang='lat' dir='ltr'><strong>incola</strong></span> <span class='ocrx_word' id='word_1_27' title='bbox 702 645 805 713; x_wconf 90' lang='lat' dir='ltr'><strong>portae</strong></span> <span class='ocrx_word' id='word_1_28' title='bbox 973 650 1021 703; x_wconf 83' lang='lat'><strong>160</strong></span> 
     </span>
     <span class='ocr_line' id='line_1_6' title="bbox 34 717 781 796; baseline 0.001 -19"><span class='ocrx_word' id='word_1_29' title='bbox 34 717 166 796; x_wconf 76' lang='lat' dir='ltr'><strong>Hospitis</strong></span> <span class='ocrx_word' id='word_1_30' title='bbox 190 719 295 779; x_wconf 88' lang='lat' dir='ltr'><strong>aliectu</strong></span> <span class='ocrx_word' id='word_1_31' title='bbox 320 718 462 778; x_wconf 93' lang='lat' dir='ltr'><strong>dominum</strong></span> <span class='ocrx_word' id='word_1_32' title='bbox 484 735 644 795; x_wconf 84' lang='lat' dir='ltr'><strong>regemque</strong></span> <span class='ocrx_word' id='word_1_33' title='bbox 666 719 781 795; x_wconf 88' lang='lat' dir='ltr'><strong>salutat,</strong></span> 
     </span>
     <span class='ocr_line' id='line_1_7' title="bbox 33 798 709 878; baseline -0.003 -18"><span class='ocrx_word' id='word_1_34' title='bbox 33 801 72 860; x_wconf 84' lang='lat' dir='ltr'><strong>lit</strong></span> <span class='ocrx_word' id='word_1_35' title='bbox 97 820 163 861; x_wconf 89' lang='lat' dir='ltr'><strong>cum</strong></span> <span class='ocrx_word' id='word_1_36' title='bbox 185 802 281 861; x_wconf 85' lang='lat' dir='ltr'><strong>venali</strong></span> <span class='ocrx_word' id='word_1_37' title='bbox 306 798 405 877; x_wconf 73' lang='lat' dir='ltr'><strong>Cyane</strong></span> <span class='ocrx_word' id='word_1_38' title='bbox 427 803 573 862; x_wconf 83' lang='lat' dir='ltr'><strong>succincta</strong></span> <span class='ocrx_word' id='word_1_39' title='bbox 596 801 709 878; x_wconf 85' lang='lat' dir='ltr'><strong>lagona.</strong></span> 
     </span>
     <span class='ocr_line' id='line_1_8' title="bbox 34 884 803 962; baseline 0 -18"><span class='ocrx_word' id='word_1_40' title='bbox 34 885 187 944; x_wconf 81' lang='lat' dir='ltr'><strong>Defensor</strong></span> <span class='ocrx_word' id='word_1_41' title='bbox 209 884 312 962; x_wconf 92' lang='lat' dir='ltr'><strong>culpae</strong></span> <span class='ocrx_word' id='word_1_42' title='bbox 336 885 413 946; x_wconf 89' lang='lat' dir='ltr'><strong>dicet</strong></span> <span class='ocrx_word' id='word_1_43' title='bbox 436 885 518 945; x_wconf 90' lang='lat' dir='ltr'><strong>mihi:</strong></span> <span class='ocrx_word' id='word_1_44' title='bbox 541 884 674 944; x_wconf 85' lang='lat' dir='ltr'><strong>Fecimus</strong></span> <span class='ocrx_word' id='word_1_45' title='bbox 698 893 727 944; x_wconf 87' lang='lat' dir='ltr'><strong>et</strong></span> <span class='ocrx_word' id='word_1_46' title='bbox 748 903 803 944; x_wconf 88' lang='lat' dir='ltr'><strong>nos</strong></span> 
     </span>
     <span class='ocr_line' id='line_1_9' title="bbox 34 967 840 1046; baseline 0.001 -19"><span class='ocrx_word' id='word_1_47' title='bbox 34 967 521 1036; x_wconf 80' lang='lat' dir='ltr'><strong>llaeciuuenes.-listo;desisti</strong></span> <span class='ocrx_word' id='word_1_48' title='bbox 543 987 664 1046; x_wconf 83' lang='lat' dir='ltr'><strong>nempe,</strong></span> <span class='ocrx_word' id='word_1_49' title='bbox 690 988 745 1028; x_wconf 90' lang='lat' dir='ltr'><strong>nec</strong></span> <span class='ocrx_word' id='word_1_50' title='bbox 766 969 840 1028; x_wconf 91' lang='lat' dir='ltr'><strong>ultra</strong></span> 
     </span>
     <span class='ocr_line' id='line_1_10' title="bbox 33 1050 1018 1130; baseline 0.006 -20"><span class='ocrx_word' id='word_1_51' title='bbox 33 1050 148 1111; x_wconf 81' lang='lat' dir='ltr'><strong>Novisti</strong></span> <span class='ocrx_word' id='word_1_52' title='bbox 173 1069 312 1111; x_wconf 89' lang='lat' dir='ltr'><strong>errorem.</strong></span> <span class='ocrx_word' id='word_1_53' title='bbox 346 1051 440 1111; x_wconf 88' lang='lat' dir='ltr'><strong>Breve</strong></span> <span class='ocrx_word' id='word_1_54' title='bbox 463 1053 514 1128; x_wconf 90' lang='lat' dir='ltr'><strong>sit,</strong></span> <span class='ocrx_word' id='word_1_55' title='bbox 536 1053 612 1130; x_wconf 92' lang='lat' dir='ltr'><strong>quod</strong></span> <span class='ocrx_word' id='word_1_56' title='bbox 635 1053 758 1130; x_wconf 77' lang='lat' dir='ltr'><strong>turpiter</strong></span> <span class='ocrx_word' id='word_1_57' title='bbox 778 1053 882 1121; x_wconf 86' lang='lat' dir='ltr'><strong>audes;</strong></span> <span class='ocrx_word' id='word_1_58' title='bbox 970 1063 1018 1118; x_wconf 68' lang='lat'><strong>165</strong></span> 
     </span>
     <span class='ocr_line' id='line_1_11' title="bbox 34 1133 843 1213; baseline 0.002 -19"><span class='ocrx_word' id='word_1_59' title='bbox 34 1133 187 1207; x_wconf 83' lang='lat' dir='ltr'><strong>Quaedam</strong></span> <span class='ocrx_word' id='word_1_60' title='bbox 210 1153 273 1194; x_wconf 92' lang='lat' dir='ltr'><strong>cum</strong></span> <span class='ocrx_word' id='word_1_61' title='bbox 296 1136 386 1213; x_wconf 94' lang='lat' dir='ltr'><strong>prima</strong></span> <span class='ocrx_word' id='word_1_62' title='bbox 407 1145 577 1195; x_wconf 84' lang='lat' dir='ltr'><strong>resecentur</strong></span> <span class='ocrx_word' id='word_1_63' title='bbox 600 1137 716 1195; x_wconf 90' lang='lat' dir='ltr'><strong>crimina</strong></span> <span class='ocrx_word' id='word_1_64' title='bbox 738 1135 843 1205; x_wconf 73' lang='lat' dir='ltr'><strong>barba:</strong></span> 
     </span>
     <span class='ocr_line' id='line_1_12' title="bbox 32 1216 754 1296; baseline 0.003 -20"><span class='ocrx_word' id='word_1_65' title='bbox 32 1216 159 1294; x_wconf 80' lang='lat' dir='ltr'><strong>indulge</strong></span> <span class='ocrx_word' id='word_1_66' title='bbox 181 1221 293 1278; x_wconf 86' lang='lat' dir='ltr'><strong>veniam</strong></span> <span class='ocrx_word' id='word_1_67' title='bbox 311 1219 427 1296; x_wconf 88' lang='lat' dir='ltr'><strong>pueris:</strong></span> <span class='ocrx_word' id='word_1_68' title='bbox 450 1217 607 1278; x_wconf 88' lang='lat' dir='ltr'><strong>Lateranus</strong></span> <span class='ocrx_word' id='word_1_69' title='bbox 628 1221 663 1279; x_wconf 90' lang='lat' dir='ltr'><strong>ad</strong></span> <span class='ocrx_word' id='word_1_70' title='bbox 686 1219 754 1278; x_wconf 92' lang='lat' dir='ltr'><strong>illos</strong></span> 
     </span>
     <span class='ocr_line' id='line_1_13' title="bbox 33 1300 790 1380; baseline 0 -20"><span class='ocrx_word' id='word_1_71' title='bbox 33 1300 225 1361; x_wconf 79' lang='lat' dir='ltr'><strong>Thermarum</strong></span> <span class='ocrx_word' id='word_1_72' title='bbox 251 1301 360 1361; x_wconf 86' lang='lat' dir='ltr'><strong>calices</strong></span> <span class='ocrx_word' id='word_1_73' title='bbox 384 1303 580 1380; x_wconf 82' lang='lat' dir='ltr'><strong>inscriptaque</strong></span> <span class='ocrx_word' id='word_1_74' title='bbox 602 1303 689 1362; x_wconf 83' lang='lat' dir='ltr'><strong>lintea</strong></span> <span class='ocrx_word' id='word_1_75' title='bbox 712 1303 790 1361; x_wconf 89' lang='lat' dir='ltr'><strong>uadit</strong></span> 
     </span>
     <span class='ocr_line' id='line_1_14' title="bbox 32 1383 760 1463; baseline 0.001 -20"><span class='ocrx_word' id='word_1_76' title='bbox 32 1383 165 1444; x_wconf 83' lang='lat' dir='ltr'><strong>Maturus</strong></span> <span class='ocrx_word' id='word_1_77' title='bbox 190 1384 270 1444; x_wconf 93' lang='lat' dir='ltr'><strong>hello</strong></span> <span class='ocrx_word' id='word_1_78' title='bbox 293 1385 446 1445; x_wconf 83' lang='lat' dir='ltr'><strong>Armeniae</strong></span> <span class='ocrx_word' id='word_1_79' title='bbox 468 1386 627 1463; x_wconf 80' lang='lat' dir='ltr'><strong>Syriaeque</strong></span> <span class='ocrx_word' id='word_1_80' title='bbox 649 1385 760 1445; x_wconf 90' lang='lat' dir='ltr'><strong>tuendis</strong></span> 
     </span>
     <span class='ocr_line' id='line_1_15' title="bbox 34 1467 1019 1546; baseline 0.004 -20"><span class='ocrx_word' id='word_1_81' title='bbox 34 1467 178 1527; x_wconf 82' lang='lat' dir='ltr'><strong>hmnihus</strong></span> <span class='ocrx_word' id='word_1_82' title='bbox 203 1477 231 1527; x_wconf 93' lang='lat' dir='ltr'><strong>et</strong></span> <span class='ocrx_word' id='word_1_83' title='bbox 252 1467 356 1527; x_wconf 86' lang='lat' dir='ltr'><strong>Rheno</strong></span> <span class='ocrx_word' id='word_1_84' title='bbox 381 1477 468 1545; x_wconf 89' lang='lat' dir='ltr'><strong>atque</strong></span> <span class='ocrx_word' id='word_1_85' title='bbox 488 1468 577 1535; x_wconf 90' lang='lat' dir='ltr'><strong>Istro;</strong></span> <span class='ocrx_word' id='word_1_86' title='bbox 607 1477 758 1546; x_wconf 86' lang='lat' dir='ltr'><strong>praestare</strong></span> <span class='ocrx_word' id='word_1_87' title='bbox 780 1467 925 1528; x_wconf 89' lang='lat' dir='ltr'><strong>Neronem</strong></span> <span class='ocrx_word' id='word_1_88' title='bbox 971 1479 1019 1531; x_wconf 84' lang='lat'><strong>170</strong></span> 
     </span>
     <span class='ocr_line' id='line_1_16' title="bbox 33 1548 854 1627; baseline 0 -17"><span class='ocrx_word' id='word_1_89' title='bbox 33 1551 179 1610; x_wconf 89' lang='lat' dir='ltr'><strong>Securum</strong></span> <span class='ocrx_word' id='word_1_90' title='bbox 196 1551 276 1611; x_wconf 90' lang='lat' dir='ltr'><strong>valet</strong></span> <span class='ocrx_word' id='word_1_91' title='bbox 294 1550 369 1610; x_wconf 92' lang='lat' dir='ltr'><strong>haec</strong></span> <span class='ocrx_word' id='word_1_92' title='bbox 386 1561 476 1610; x_wconf 87' lang='lat' dir='ltr'><strong>aetas.</strong></span> <span class='ocrx_word' id='word_1_93' title='bbox 507 1549 588 1610; x_wconf 84' lang='lat' dir='ltr'><strong>hlitte</strong></span> <span class='ocrx_word' id='word_1_94' title='bbox 612 1550 709 1626; x_wconf 86' lang='lat' dir='ltr'><strong>Ostia,</strong></span> <span class='ocrx_word' id='word_1_95' title='bbox 736 1548 854 1627; x_wconf 81' lang='lat' dir='ltr'><strong>Caesar,</strong></span> 
     </span>
     <span class='ocr_line' id='line_1_17' title="bbox 33 1633 803 1713; baseline 0 -19"><span class='ocrx_word' id='word_1_96' title='bbox 33 1633 134 1709; x_wconf 86' lang='lat' dir='ltr'><strong>liitte,</strong></span> <span class='ocrx_word' id='word_1_97' title='bbox 158 1634 259 1694; x_wconf 90' lang='lat' dir='ltr'><strong>sedin</strong></span> <span class='ocrx_word' id='word_1_98' title='bbox 280 1652 382 1712; x_wconf 86' lang='lat' dir='ltr'><strong>magna</strong></span> <span class='ocrx_word' id='word_1_99' title='bbox 402 1635 530 1711; x_wconf 88' lang='lat' dir='ltr'><strong>legatum</strong></span> <span class='ocrx_word' id='word_1_100' title='bbox 551 1652 659 1713; x_wconf 90' lang='lat' dir='ltr'><strong>quaere</strong></span> <span class='ocrx_word' id='word_1_101' title='bbox 683 1635 803 1712; x_wconf 87' lang='lat' dir='ltr'><strong>popina;</strong></span> 
     </span>
     <span class='ocr_line' id='line_1_18' title="bbox 33 1717 759 1796; baseline -0.001 -20"><span class='ocrx_word' id='word_1_102' title='bbox 33 1717 171 1778; x_wconf 87' lang='lat' dir='ltr'><strong>invenies</strong></span> <span class='ocrx_word' id='word_1_103' title='bbox 197 1718 294 1796; x_wconf 91' lang='lat' dir='ltr'><strong>aliquo</strong></span> <span class='ocrx_word' id='word_1_104' title='bbox 318 1736 381 1778; x_wconf 88' lang='lat' dir='ltr'><strong>oum</strong></span> <span class='ocrx_word' id='word_1_105' title='bbox 405 1735 581 1796; x_wconf 86' lang='lat' dir='ltr'><strong>percussore</strong></span> <span class='ocrx_word' id='word_1_106' title='bbox 605 1719 759 1793; x_wconf 91' lang='lat' dir='ltr'><strong>iacentem,</strong></span> 
     </span>
     <span class='ocr_line' id='line_1_19' title="bbox 32 1800 731 1877; baseline -0.003 -17"><span class='ocrx_word' id='word_1_107' title='bbox 32 1800 210 1860; x_wconf 86' lang='lat' dir='ltr'><strong>Permixtum</strong></span> <span class='ocrx_word' id='word_1_108' title='bbox 234 1803 327 1861; x_wconf 90' lang='lat' dir='ltr'><strong>nautis</strong></span> <span class='ocrx_word' id='word_1_109' title='bbox 352 1810 380 1860; x_wconf 92' lang='lat' dir='ltr'><strong>et</strong></span> <span class='ocrx_word' id='word_1_110' title='bbox 403 1801 513 1861; x_wconf 87' lang='lat' dir='ltr'><strong>iuribus</strong></span> <span class='ocrx_word' id='word_1_111' title='bbox 539 1821 573 1862; x_wconf 90' lang='lat' dir='ltr'><strong>ac</strong></span> <span class='ocrx_word' id='word_1_112' title='bbox 593 1801 731 1877; x_wconf 80' lang='lat' dir='ltr'><strong>fugitivis,</strong></span> 
     </span>
     <span class='ocr_line' id='line_1_20' title="bbox 34 1882 696 1962; baseline -0.003 -19"><span class='ocrx_word' id='word_1_113' title='bbox 34 1882 114 1944; x_wconf 90' lang='lat' dir='ltr'><strong>lnter</strong></span> <span class='ocrx_word' id='word_1_114' title='bbox 139 1884 290 1943; x_wconf 88' lang='lat' dir='ltr'><strong>camilices</strong></span> <span class='ocrx_word' id='word_1_115' title='bbox 313 1893 341 1942; x_wconf 90' lang='lat' dir='ltr'><strong>et</strong></span> <span class='ocrx_word' id='word_1_116' title='bbox 363 1884 463 1944; x_wconf 88' lang='lat' dir='ltr'><strong>labros</strong></span> <span class='ocrx_word' id='word_1_117' title='bbox 484 1885 696 1962; x_wconf 81' lang='lat' dir='ltr'><strong>sandapilarum</strong></span> 
     </span>
     <span class='ocr_line' id='line_1_21' title="bbox 34 1965 678 2043; baseline -0.006 -17"><span class='ocrx_word' id='word_1_118' title='bbox 34 1965 70 2026; x_wconf 81' lang='lat' dir='ltr'><strong>m</strong></span> <span class='ocrx_word' id='word_1_119' title='bbox 90 1967 253 2042; x_wconf 87' lang='lat' dir='ltr'><strong>resupinati</strong></span> <span class='ocrx_word' id='word_1_120' title='bbox 280 1968 424 2026; x_wconf 89' lang='lat' dir='ltr'><strong>cessantia</strong></span> <span class='ocrx_word' id='word_1_121' title='bbox 446 1975 581 2043; x_wconf 75' lang='lat' dir='ltr'><strong>tympana</strong></span> <span class='ocrx_word' id='word_1_122' title='bbox 599 1965 678 2042; x_wconf 91' lang='lat' dir='ltr'><strong>galli.</strong></span> 
     </span>
     <span class='ocr_line' id='line_1_22' title="bbox 36 2047 808 2128; baseline -0.003 -20"><span class='ocrx_word' id='word_1_123' title='bbox 36 2051 142 2128; x_wconf 84' lang='lat' dir='ltr'><strong>hequa</strong></span> <span class='ocrx_word' id='word_1_124' title='bbox 163 2047 202 2106; x_wconf 92' lang='lat' dir='ltr'><strong>ibi</strong></span> <span class='ocrx_word' id='word_1_125' title='bbox 224 2047 360 2124; x_wconf 88' lang='lat' dir='ltr'><strong>libertas,</strong></span> <span class='ocrx_word' id='word_1_126' title='bbox 387 2050 545 2108; x_wconf 91' lang='lat' dir='ltr'><strong>communia</strong></span> <span class='ocrx_word' id='word_1_127' title='bbox 568 2048 689 2126; x_wconf 86' lang='lat' dir='ltr'><strong>pocula,</strong></span> <span class='ocrx_word' id='word_1_128' title='bbox 715 2047 808 2107; x_wconf 87' lang='lat' dir='ltr'><strong>lectus</strong></span> 
     </span>
     <span class='ocr_line' id='line_1_23' title="bbox 36 2131 805 2210; baseline -0.004 -18"><span class='ocrx_word' id='word_1_129' title='bbox 36 2131 106 2192; x_wconf 81' lang='lat' dir='ltr'><strong>Non·</strong></span> <span class='ocrx_word' id='word_1_130' title='bbox 125 2131 199 2190; x_wconf 90' lang='lat' dir='ltr'><strong>alius</strong></span> <span class='ocrx_word' id='word_1_131' title='bbox 221 2133 368 2210; x_wconf 87' lang='lat' dir='ltr'><strong>cuiquam,</strong></span> <span class='ocrx_word' id='word_1_132' title='bbox 390 2150 446 2191; x_wconf 90' lang='lat' dir='ltr'><strong>nec</strong></span> <span class='ocrx_word' id='word_1_133' title='bbox 467 2150 565 2192; x_wconf 90' lang='lat' dir='ltr'><strong>mensa</strong></span> <span class='ocrx_word' id='word_1_134' title='bbox 588 2133 726 2191; x_wconf 87' lang='lat' dir='ltr'><strong>remotior</strong></span> <span class='ocrx_word' id='word_1_135' title='bbox 746 2131 805 2190; x_wconf 93' lang='lat' dir='ltr'><strong>ulli.</strong></span> 
     </span>
     <span class='ocr_line' id='line_1_24' title="bbox 36 2212 807 2291; baseline -0.004 -15"><span class='ocrx_word' id='word_1_136' title='bbox 36 2215 111 2287; x_wconf 82' lang='lat' dir='ltr'><strong>Quid</strong></span> <span class='ocrx_word' id='word_1_137' title='bbox 135 2215 226 2274; x_wconf 88' lang='lat' dir='ltr'><strong>iacias</strong></span> <span class='ocrx_word' id='word_1_138' title='bbox 249 2215 337 2274; x_wconf 91' lang='lat' dir='ltr'><strong>talem</strong></span> <span class='ocrx_word' id='word_1_139' title='bbox 359 2216 492 2291; x_wconf 86' lang='lat' dir='ltr'><strong>sortitus,</strong></span> <span class='ocrx_word' id='word_1_140' title='bbox 515 2215 649 2291; x_wconf 85' lang='lat' dir='ltr'><strong>Pontice,</strong></span> <span class='ocrx_word' id='word_1_141' title='bbox 672 2212 807 2274; x_wconf 82' lang='lat' dir='ltr'><strong>seruum?</strong></span> 
     </span>
     <span class='ocr_line' id='line_1_25' title="bbox 35 2297 1019 2377; baseline 0.006 -21"><span class='ocrx_word' id='word_1_142' title='bbox 35 2297 149 2377; x_wconf 91' lang='lat' dir='ltr'><strong>Nempe</strong></span> <span class='ocrx_word' id='word_1_143' title='bbox 176 2299 204 2357; x_wconf 95' lang='lat' dir='ltr'><strong>in</strong></span> <span class='ocrx_word' id='word_1_144' title='bbox 224 2297 355 2357; x_wconf 89' lang='lat' dir='ltr'><strong>Lucanos</strong></span> <span class='ocrx_word' id='word_1_145' title='bbox 380 2307 428 2358; x_wconf 89' lang='lat' dir='ltr'><strong>aut</strong></span> <span class='ocrx_word' id='word_1_146' title='bbox 451 2297 546 2359; x_wconf 88' lang='lat' dir='ltr'><strong>Tusca</strong></span> <span class='ocrx_word' id='word_1_147' title='bbox 569 2297 714 2376; x_wconf 89' lang='lat' dir='ltr'><strong>ergastula</strong></span> <span class='ocrx_word' id='word_1_148' title='bbox 735 2299 839 2363; x_wconf 84' lang='lat' dir='ltr'><strong>mittas.</strong></span> <span class='ocrx_word' id='word_1_149' title='bbox 970 2311 1019 2365; x_wconf 81' lang='lat'><strong>180</strong></span> 
     </span>
     <span class='ocr_line' id='line_1_26' title="bbox 36 2380 840 2482; baseline 0.001 -41"><span class='ocrx_word' id='word_1_150' title='bbox 36 2380 73 2441; x_wconf 81' lang='lat' dir='ltr'><strong>ht</strong></span> <span class='ocrx_word' id='word_1_151' title='bbox 94 2399 167 2457; x_wconf 83' lang='lat' dir='ltr'><strong>vos,</strong></span> <span class='ocrx_word' id='word_1_152' title='bbox 192 2380 392 2458; x_wconf 79' lang='lat' dir='ltr'><strong>Troiugenae,</strong></span> <span class='ocrx_word' id='word_1_153' title='bbox 415 2382 499 2442; x_wconf 89' lang='lat' dir='ltr'><strong>vobis</strong></span> <span class='ocrx_word' id='word_1_154' title='bbox 522 2383 673 2482; x_wconf 77' lang='lat' dir='ltr'><strong>ignoscitis</strong></span> <span class='ocrx_word' id='word_1_155' title='bbox 697 2390 743 2457; x_wconf 87' lang='lat' dir='ltr'><strong>et,</strong></span> <span class='ocrx_word' id='word_1_156' title='bbox 766 2399 840 2460; x_wconf 90' lang='lat' dir='ltr'><strong>quae</strong></span> 
     </span>
     <span class='ocr_line' id='line_1_27' title="bbox 36 2464 831 2546; baseline -0.001 -22"><span class='ocrx_word' id='word_1_157' title='bbox 36 2464 144 2543; x_wconf 83' lang='lat' dir='ltr'><strong>Turpia</strong></span> <span class='ocrx_word' id='word_1_158' title='bbox 167 2465 302 2540; x_wconf 82' lang='lat' dir='ltr'><strong>cardoni,</strong></span> <span class='ocrx_word' id='word_1_159' title='bbox 332 2465 461 2525; x_wconf 86' lang='lat' dir='ltr'><strong>Volesos</strong></span> <span class='ocrx_word' id='word_1_160' title='bbox 481 2465 656 2546; x_wconf 83' lang='lat' dir='ltr'><strong>Brutumque</strong></span> <span class='ocrx_word' id='word_1_161' title='bbox 678 2465 831 2525; x_wconf 89' lang='lat' dir='ltr'><strong>decehunt.</strong></span> 
     </span>
     <span class='ocr_line' id='line_1_28' title="bbox 77 2547 932 2628; baseline 0.002 -22"><span class='ocrx_word' id='word_1_162' title='bbox 77 2547 171 2623; x_wconf 81' lang='lat' dir='ltr'><strong>Quid,</strong></span> <span class='ocrx_word' id='word_1_163' title='bbox 200 2549 224 2606; x_wconf 88' lang='lat' dir='ltr'><strong>si</strong></span> <span class='ocrx_word' id='word_1_164' title='bbox 245 2567 397 2626; x_wconf 92' lang='lat' dir='ltr'><strong>numquam</strong></span> <span class='ocrx_word' id='word_1_165' title='bbox 418 2550 492 2610; x_wconf 89' lang='lat' dir='ltr'><strong>adeo</strong></span> <span class='ocrx_word' id='word_1_166' title='bbox 515 2549 609 2610; x_wconf 84' lang='lat' dir='ltr'><strong>foedis</strong></span> <span class='ocrx_word' id='word_1_167' title='bbox 635 2549 770 2628; x_wconf 85' lang='lat' dir='ltr'><strong>adeoque</strong></span> <span class='ocrx_word' id='word_1_168' title='bbox 792 2549 932 2628; x_wconf 92' lang='lat' dir='ltr'><strong>pudendis</strong></span> 
     </span>
     <span class='ocr_line' id='line_1_29' title="bbox 36 2629 769 2710; baseline 0.001 -21"><span class='ocrx_word' id='word_1_169' title='bbox 36 2630 148 2690; x_wconf 90' lang='lat' dir='ltr'><strong>lltimur</strong></span> <span class='ocrx_word' id='word_1_170' title='bbox 168 2631 325 2710; x_wconf 87' lang='lat' dir='ltr'><strong>exemplis,</strong></span> <span class='ocrx_word' id='word_1_171' title='bbox 346 2641 455 2692; x_wconf 94' lang='lat' dir='ltr'><strong>utnon</strong></span> <span class='ocrx_word' id='word_1_172' title='bbox 478 2634 580 2710; x_wconf 90' lang='lat' dir='ltr'><strong>peiora</strong></span> <span class='ocrx_word' id='word_1_173' title='bbox 604 2629 769 2710; x_wconf 86' lang='lat' dir='ltr'><strong>supersint?</strong></span> 
     </span>
     <span class='ocr_line' id='line_1_30' title="bbox 38 2711 1017 2793; baseline 0.004 -21"><span class='ocrx_word' id='word_1_174' title='bbox 38 2711 221 2792; x_wconf 84' lang='lat' dir='ltr'><strong>Consumptis</strong></span> <span class='ocrx_word' id='word_1_175' title='bbox 244 2714 348 2793; x_wconf 88' lang='lat' dir='ltr'><strong>opibus</strong></span> <span class='ocrx_word' id='word_1_176' title='bbox 368 2732 486 2790; x_wconf 86' lang='lat' dir='ltr'><strong>uocem,</strong></span> <span class='ocrx_word' id='word_1_177' title='bbox 511 2715 702 2792; x_wconf 80' lang='lat' dir='ltr'><strong>Damasippo,</strong></span> <span class='ocrx_word' id='word_1_178' title='bbox 724 2715 827 2772; x_wconf 87' lang='lat' dir='ltr'><strong>locasti</strong></span> <span class='ocrx_word' id='word_1_179' title='bbox 968 2724 1017 2776; x_wconf 81' lang='lat'><strong>185</strong></span> 
     </span>
     <span class='ocr_line' id='line_1_31' title="bbox 37 2795 811 2876; baseline -0.003 -21"><span class='ocrx_word' id='word_1_180' title='bbox 37 2796 168 2876; x_wconf 90' lang='lat' dir='ltr'><strong>Sipario,</strong></span> <span class='ocrx_word' id='word_1_181' title='bbox 193 2798 349 2858; x_wconf 87' lang='lat' dir='ltr'><strong>clamosum</strong></span> <span class='ocrx_word' id='word_1_182' title='bbox 374 2816 480 2874; x_wconf 86' lang='lat' dir='ltr'><strong>ageres</strong></span> <span class='ocrx_word' id='word_1_183' title='bbox 501 2807 532 2856; x_wconf 89' lang='lat' dir='ltr'><strong>ut</strong></span> <span class='ocrx_word' id='word_1_184' title='bbox 554 2798 674 2858; x_wconf 92' lang='lat' dir='ltr'><strong>Phasma</strong></span> <span class='ocrx_word' id='word_1_185' title='bbox 697 2795 811 2856; x_wconf 81' lang='lat' dir='ltr'><strong>Catulli.</strong></span> 
     </span>
     <span class='ocr_line' id='line_1_32' title="bbox 36 2877 800 2954; baseline 0.004 -17"><span class='ocrx_word' id='word_1_186' title='bbox 36 2877 206 2940; x_wconf 85' lang='lat' dir='ltr'><strong>Laureolum</strong></span> <span class='ocrx_word' id='word_1_187' title='bbox 228 2881 317 2941; x_wconf 84' lang='lat' dir='ltr'><strong>velox</strong></span> <span class='ocrx_word' id='word_1_188' title='bbox 340 2883 425 2940; x_wconf 90' lang='lat' dir='ltr'><strong>etiam</strong></span> <span class='ocrx_word' id='word_1_189' title='bbox 448 2880 523 2939; x_wconf 89' lang='lat' dir='ltr'><strong>bene</strong></span> <span class='ocrx_word' id='word_1_190' title='bbox 545 2879 680 2939; x_wconf 84' lang='lat' dir='ltr'><strong>lentulus</strong></span> <span class='ocrx_word' id='word_1_191' title='bbox 705 2880 800 2954; x_wconf 87' lang='lat' dir='ltr'><strong>egit,.</strong></span> 
     </span>
     <span class='ocr_line' id='line_1_33' title="bbox 37 2960 824 3042; baseline -0.001 -21"><span class='ocrx_word' id='word_1_192' title='bbox 37 2960 133 3023; x_wconf 87' lang='lat' dir='ltr'><strong>ludiee</strong></span> <span class='ocrx_word' id='word_1_193' title='bbox 155 2981 201 3023; x_wconf 88' lang='lat' dir='ltr'><strong>mc</strong></span> <span class='ocrx_word' id='word_1_194' title='bbox 223 2963 325 3042; x_wconf 88' lang='lat' dir='ltr'><strong>dignus</strong></span> <span class='ocrx_word' id='word_1_195' title='bbox 345 2982 416 3024; x_wconf 86' lang='lat' dir='ltr'><strong>uera</strong></span> <span class='ocrx_word' id='word_1_196' title='bbox 437 2981 535 3023; x_wconf 90' lang='lat' dir='ltr'><strong>cruce.</strong></span> <span class='ocrx_word' id='word_1_197' title='bbox 568 2961 632 3020; x_wconf 92' lang='lat' dir='ltr'><strong>Nec</strong></span> <span class='ocrx_word' id='word_1_198' title='bbox 652 2969 747 3021; x_wconf 91' lang='lat' dir='ltr'><strong>tamen</strong></span> <span class='ocrx_word' id='word_1_199' title='bbox 768 2963 824 3039; x_wconf 92' lang='lat' dir='ltr'><strong>ipsi</strong></span> 
     </span>
     <span class='ocr_line' id='line_1_34' title="bbox 37 3043 785 3126; baseline 0 -24"><span class='ocrx_word' id='word_1_200' title='bbox 37 3043 175 3122; x_wconf 81' lang='lat' dir='ltr'><strong>ignoscas</strong></span> <span class='ocrx_word' id='word_1_201' title='bbox 197 3048 324 3125; x_wconf 92' lang='lat' dir='ltr'><strong>populo:</strong></span> <span class='ocrx_word' id='word_1_202' title='bbox 347 3047 447 3126; x_wconf 93' lang='lat' dir='ltr'><strong>populi</strong></span> <span class='ocrx_word' id='word_1_203' title='bbox 468 3045 549 3105; x_wconf 81' lang='lat' dir='ltr'><strong>frons</strong></span> <span class='ocrx_word' id='word_1_204' title='bbox 572 3044 670 3104; x_wconf 90' lang='lat' dir='ltr'><strong>durior</strong></span> <span class='ocrx_word' id='word_1_205' title='bbox 691 3043 785 3120; x_wconf 90' lang='lat' dir='ltr'><strong>huius,</strong></span> 
     </span>
     <span class='ocr_line' id='line_1_35' title="bbox 40 3126 1015 3209; baseline 0.001 -21"><span class='ocrx_word' id='word_1_206' title='bbox 40 3126 91 3199; x_wconf 83' lang='lat' dir='ltr'><strong>Qui</strong></span> <span class='ocrx_word' id='word_1_207' title='bbox 113 3128 198 3189; x_wconf 88' lang='lat' dir='ltr'><strong>sedet</strong></span> <span class='ocrx_word' id='word_1_208' title='bbox 220 3139 249 3189; x_wconf 93' lang='lat' dir='ltr'><strong>et</strong></span> <span class='ocrx_word' id='word_1_209' title='bbox 271 3139 386 3209; x_wconf 91' lang='lat' dir='ltr'><strong>spectat</strong></span> <span class='ocrx_word' id='word_1_210' title='bbox 406 3131 554 3190; x_wconf 89' lang='lat' dir='ltr'><strong>triscurria</strong></span> <span class='ocrx_word' id='word_1_211' title='bbox 574 3128 770 3207; x_wconf 84' lang='lat' dir='ltr'><strong>patriciorum,</strong></span> <span class='ocrx_word' id='word_1_212' title='bbox 968 3135 1015 3190; x_wconf 83' lang='lat'><strong>190</strong></span> 
     </span>
     <span class='ocr_line' id='line_1_36' title="bbox 39 3209 757 3292; baseline 0.003 -24"><span class='ocrx_word' id='word_1_213' title='bbox 39 3209 206 3292; x_wconf 87' lang='lat' dir='ltr'><strong>Planipedes</strong></span> <span class='ocrx_word' id='word_1_214' title='bbox 232 3213 310 3274; x_wconf 90' lang='lat' dir='ltr'><strong>audit</strong></span> <span class='ocrx_word' id='word_1_215' title='bbox 328 3212 451 3290; x_wconf 85' lang='lat' dir='ltr'><strong>Fabios,</strong></span> <span class='ocrx_word' id='word_1_216' title='bbox 474 3212 571 3272; x_wconf 89' lang='lat' dir='ltr'><strong>ridere</strong></span> <span class='ocrx_word' id='word_1_217' title='bbox 589 3220 688 3290; x_wconf 91' lang='lat' dir='ltr'><strong>potest</strong></span> <span class='ocrx_word' id='word_1_218' title='bbox 710 3212 757 3288; x_wconf 92' lang='lat' dir='ltr'><strong>qui</strong></span> 
     </span>
     <span class='ocr_line' id='line_1_37' title="bbox 40 3291 864 3374; baseline 0 -22"><span class='ocrx_word' id='word_1_219' title='bbox 40 3291 244 3356; x_wconf 88' lang='lat' dir='ltr'><strong>llamercorum</strong></span> <span class='ocrx_word' id='word_1_220' title='bbox 267 3297 376 3374; x_wconf 86' lang='lat' dir='ltr'><strong>alapas.</strong></span> <span class='ocrx_word' id='word_1_221' title='bbox 412 3295 515 3370; x_wconf 81' lang='lat' dir='ltr'><strong>Quanti</strong></span> <span class='ocrx_word' id='word_1_222' title='bbox 536 3313 587 3356; x_wconf 88' lang='lat' dir='ltr'><strong>sua</strong></span> <span class='ocrx_word' id='word_1_223' title='bbox 608 3296 709 3355; x_wconf 86' lang='lat' dir='ltr'><strong>lunera</strong></span> <span class='ocrx_word' id='word_1_224' title='bbox 729 3293 864 3370; x_wconf 90' lang='lat' dir='ltr'><strong>vendant,</strong></span> 
     </span>
     <span class='ocr_line' id='line_1_38' title="bbox 41 3374 789 3457; baseline 0.003 -21"><span class='ocrx_word' id='word_1_225' title='bbox 41 3374 109 3448; x_wconf 82' lang='lat' dir='ltr'><strong>Quid</strong></span> <span class='ocrx_word' id='word_1_226' title='bbox 131 3376 242 3439; x_wconf 87' lang='lat' dir='ltr'><strong>reiert&#39;l</strong></span> <span class='ocrx_word' id='word_1_227' title='bbox 265 3380 391 3440; x_wconf 88' lang='lat' dir='ltr'><strong>vendunt</strong></span> <span class='ocrx_word' id='word_1_228' title='bbox 412 3379 492 3440; x_wconf 92' lang='lat' dir='ltr'><strong>nullo</strong></span> <span class='ocrx_word' id='word_1_229' title='bbox 515 3388 639 3457; x_wconf 87' lang='lat' dir='ltr'><strong>cogente</strong></span> <span class='ocrx_word' id='word_1_230' title='bbox 661 3377 789 3455; x_wconf 90' lang='lat' dir='ltr'><strong>Nerone,</strong></span> 
     </span>
     <span class='ocr_line' id='line_1_39' title="bbox 40 3456 768 3538; baseline 0.005 -20"><span class='ocrx_word' id='word_1_231' title='bbox 40 3456 97 3522; x_wconf 91' lang='lat' dir='ltr'><strong>Nec</strong></span> <span class='ocrx_word' id='word_1_232' title='bbox 119 3462 250 3522; x_wconf 88' lang='lat' dir='ltr'><strong>dubitant</strong></span> <span class='ocrx_word' id='word_1_233' title='bbox 270 3463 343 3522; x_wconf 91' lang='lat' dir='ltr'><strong>celsi</strong></span> <span class='ocrx_word' id='word_1_234' title='bbox 364 3463 509 3538; x_wconf 90' lang='lat' dir='ltr'><strong>praetoris</strong></span> <span class='ocrx_word' id='word_1_235' title='bbox 531 3463 661 3523; x_wconf 88' lang='lat' dir='ltr'><strong>vendere</strong></span> <span class='ocrx_word' id='word_1_236' title='bbox 683 3463 768 3522; x_wconf 87' lang='lat' dir='ltr'><strong>ludis.</strong></span> 
     </span>
    </p>
   </div>
   <div class='ocr_carea' id='block_1_3' title="bbox 0 0 1240 4004">
    <p class='ocr_par' dir='ltr' id='par_1_3' title="bbox 0 0 1240 4004">
     <span class='ocr_line' id='line_1_40' title="bbox 0 0 1240 4004; baseline 0 0"><span class='ocrx_word' id='word_1_237' title='bbox 0 0 1240 4004; x_wconf 95' lang='lat' dir='ltr'><strong> </strong></span> 
     </span>
    </p>
   </div>
  </div>
 </body>
</html>
