2460 4004
405 277 530 324 sauma
552 279 628 326 XIII.

27 415 86 477 llec
107 435 182 496 puer
202 415 324 490 lliaous,
348 415 475 498 iprmosa
497 435 553 476 neo
575 416 708 476 llerculis
729 435 804 478 uxor

28 500 70 561 hd
93 500 214 577 cyathos
237 507 267 559 et
287 499 342 558 iam
365 501 474 559 siccato
497 509 618 560 nectare
641 510 761 578 tergens

28 584 145 644 Brachia
167 583 315 644 Vulcanus
334 581 476 660 Liparaea
498 584 581 661 nigra
600 582 737 658 taberna,

27 667 186 729 l’randebal
207 666 262 727 sibi
285 667 407 746 quisque
430 666 518 744 deus,
539 685 595 727 nec
617 666 700 728 turba
722 667 840 727 deorum

28 751 103 812 l'alis
125 760 157 812 ut
178 759 223 812 est
245 751 349 826 hodie,
373 759 568 830 contentaque
589 751 687 811 sidera
708 752 809 829 paucis

27 835 190 896 Numinibus
212 836 348 896 miserum
371 834 514 912 urgebant
533 835 648 896 Atlanta
667 835 770 895 minori

27 919 172 988 Pondere;
195 919 320 980 nondum
339 919 444 999 aliquis
465 921 584 980 sortitus
606 920 688 980 triste
711 919 848 998 profundi

25 1002 177 1083 Imperium
200 1012 247 1065 aut
266 1003 365 1064 Sicula
383 1012 484 1063 torvus
507 1022 571 1064 cum
593 1005 717 1082 coniuge
739 1003 852 1081 Pluton,

25 1085 86 1147 Nec
107 1095 172 1148 rota
193 1105 250 1147 nec
272 1086 366 1146 iuriae
390 1105 447 1146 nec
470 1105 570 1148 saxum
591 1096 639 1148 aut
659 1087 781 1148 vulturis
803 1089 857 1150 atri

25 1171 136 1247 Poena,
160 1171 213 1231 sed
232 1169 351 1232 iniernis
373 1169 482 1230 hilares
504 1173 566 1232 sine
588 1169 708 1248 regibus
729 1171 858 1233 umbrae.

25 1253 197 1334 improbitas
217 1254 269 1316 illo
291 1255 343 1314 luit
361 1254 537 1315 admirabilis
559 1271 645 1330 aevo,

26 1337 192 1398 Credebant
214 1355 272 1416 quo
293 1338 405 1415 grande
427 1338 510 1399 nefas
532 1347 562 1398 et
582 1348 675 1398 morte
697 1341 841 1418 piandum,

26 1423 53 1482 Si
74 1423 189 1482 iuvenis
208 1421 307 1482 vetulo
329 1439 386 1481 uon
409 1431 612 1482 assurrexerat
634 1431 663 1481 et
685 1425 709 1482 si

25 1504 149 1566 Barbato
172 1506 342 1583 cuicumque
362 1523 451 1583 puer,
473 1505 544 1565 licet
564 1506 630 1582 ipse
652 1505 766 1566 videret

25 1588 108 1650 Plura
132 1589 209 1649 domi
231 1589 315 1666 fraga
338 1597 367 1648 et
384 1589 511 1649 maiores
534 1588 648 1666 glandis
671 1605 805 1650 acervos.

25 1671 91 1733 Tam
111 1671 285 1734 venerabile
308 1681 372 1732 erat
394 1673 577 1750 praecedere
597 1680 732 1751 quattuor
754 1675 845 1750 annis,

25 1755 174 1837 Primaque
197 1774 251 1836 par
272 1756 347 1817 adeo
369 1773 472 1816 sacrae
492 1756 599 1834 lanugo
621 1758 777 1818 senectae!

23 1838 120 1916 Nunc,
144 1843 169 1901 si
192 1841 357 1919 depositam
375 1857 433 1900 non
457 1840 594 1901 infitietur
616 1841 735 1915 amicus,

24 1924 52 1984 Si
76 1925 183 1986 reddat
203 1933 336 1983 veterem
357 1942 421 1983 cum
442 1931 502 1982 tota
525 1923 663 1998 aerugine
686 1923 798 1998 lollem,

23 2005 195 2084 Prodigiosa
217 2006 292 2065 iidcs
315 2015 344 2066 et
367 2004 472 2065 'luscis
494 2005 580 2082 digna
603 2004 722 2081 libellis,

23 2089 165 2169 Quaeque
189 2097 327 2150 coronata
349 2089 464 2150 lustrari
486 2088 594 2149 debeat
614 2106 697 2165 agna.

22 2171 182 2252 Egregium
201 2181 390 2251 sanctumque
412 2174 503 2234 virum
526 2174 550 2232 si
572 2189 679 2249 cerno,
703 2172 854 2234 bimembri

24 2256 86 2318 lloc
107 2265 266 2317 monstrum
289 2275 381 2336 puero
400 2257 449 2318 vel
470 2257 606 2318 mirandis
628 2257 681 2318 sub
700 2266 795 2320 aratro

25 2339 156 2402 Piscibus
174 2341 299 2401 inventis
316 2351 346 2402 et
364 2342 442 2403 letae
465 2358 603 2420 comparo
625 2342 732 2418 mulae,

26 2425 191 2501 Sollicitus,
215 2435 358 2504 tamquam
379 2425 493 2505 lapides
514 2425 648 2486 effuderit
666 2427 760 2488 imber

26 2505 213 2588 Examenque
236 2511 331 2588 apium
354 2509 442 2588 longa
465 2509 633 2570 consederit
654 2529 709 2572 ura

28 2590 156 2654 Culminc
178 2592 307 2669 delubri,
330 2603 472 2672 tamquam
495 2595 523 2652 in
544 2612 624 2655 marc
646 2595 762 2655 fluxerit
785 2594 874 2654 amnis

28 2673 190 2754 Gurgitibus
212 2677 293 2736 miris
316 2685 345 2736 et
366 2677 450 2738 lactis
473 2678 585 2737 vertice
608 2687 733 2737 torrens.
980 2683 1015 2737 lo

65 2759 233 2839 Intercepta
255 2759 359 2820 decem
380 2761 514 2839 quereris
533 2761 670 2820 sestertia
683 2760 785 2820 fraude

28 2840 198 2920 Sacrilegal
222 2843 335 2922 quidsi
358 2843 402 2904 bis
428 2852 542 2904 centum
565 2844 691 2922 perdidit
713 2842 788 2903 alter

28 2923 87 2986 lloc
109 2945 215 2987 arcana
237 2923 345 2987 modo?
365 2929 504 2988 maiorem
525 2928 628 2988 tertius
649 2927 700 2988 illa

29 3009 184 3085 Summam,
207 3028 292 3089 quam
312 3012 429 3090 patulae
447 3013 498 3072 vin
520 3020 642 3090 ceperat
662 3010 783 3090 angulus
805 3005 915 3071 arcae?

30 3089 94 3153 lam
115 3093 204 3154 facile
227 3103 257 3154 et
276 3112 398 3173 pronum
420 3105 466 3156 est
488 3113 613 3174 superos
636 3104 824 3156 contemnere
846 3101 950 3170 testes,
980 3099 1015 3156 io

30 3175 59 3234 Si
76 3177 206 3239 mortalis
223 3179 300 3239 idern
323 3197 410 3241 nemo
430 3180 517 3242 sciat!
540 3179 670 3258 Aspice,
695 3187 798 3258 quanta

30 3256 106 3321 Voce
126 3270 235 3338 neget,
256 3280 331 3341 qnae
354 3265 390 3324 sit
412 3264 471 3324 licti
493 3265 654 3327 constantia
675 3263 789 3324 vultus:

31 3339 82 3402 Per
102 3345 181 3406 Solis
202 3345 301 3407 radios
324 3346 509 3426 Tarpeiaque
532 3348 649 3408 fulmina
664 3349 739 3408 iurat

30 3419 63 3484 Et
82 3427 181 3489 llartis
202 3428 342 3492 frameam
365 3440 394 3490 et
413 3429 545 3492 Cirrhaei
567 3431 678 3509 spicula
700 3431 792 3506 vatis,

32 3503 81 3569 len
103 3511 230 3573 calamos
249 3514 407 3574 venatricis
429 3514 653 3593 pharetramque
676 3513 805 3594 puellae,
979 3523 1016 3572 tto
