2460 4004
218 291 258 350 tt
563 299 598 344 u.
622 298 693 345 uuu.
717 297 904 346 ruvnuauts

219 440 335 500 Fortem
358 453 450 515 posce
473 438 611 512 animum,
635 436 734 496 mortis
756 445 870 496 terrore
894 445 1049 513 carentem,

219 523 275 597 Qui
296 522 418 601 spatium
447 521 524 580 vitae
549 529 708 580 extremum
734 521 808 578 inter
831 539 948 580 munera
970 529 1059 598 ponat

218 606 362 680 Naturae,
393 606 441 682 qui
464 604 543 664 ierne
568 613 654 683 queat
680 620 878 682 quoscumque
905 605 1033 682 labores,

218 690 339 750 Nesciat
360 689 463 765 irasci,
487 689 584 766 cupiat
609 687 678 746 nihil
700 696 729 746 et
751 689 883 766 potiores

218 773 352 834 llerculis
376 790 528 832 aerumnas
555 772 654 831 eredat
681 788 846 849 saevosque
868 772 987 832 labores

217 857 255 917 Et
277 857 395 916 Venere
418 865 447 914 et
473 855 572 916 coenis
596 863 625 914 et
649 855 745 932 pluma
770 855 978 934 Sardanapalli.

217 929 347 1000 llohetro
372 939 449 1017 quod
472 941 536 1017 ipsc
560 939 610 998 tibi
638 940 735 1018 possis
760 939 846 1007 dare;
872 941 973 1000 semita
995 947 1077 1000 certe

218 1023 403 1102 Tranquillae
431 1041 486 1100 per
505 1024 638 1082 uirtutem
661 1031 742 1102 patet
764 1024 848 1082 unica
870 1025 956 1084 vitae.

217 1106 333 1166 Nullum
353 1125 456 1166 numen
478 1106 576 1181 abest,
601 1107 625 1166 ai
649 1107 686 1165 sit
704 1107 869 1185 prudentia;
894 1124 948 1167 nos
970 1115 999 1167 te

218 1189 279 1249 Nos
301 1190 439 1266 iacimus,
464 1189 608 1265 Fortuna,
636 1190 719 1250 deam
743 1189 889 1268 coeloque
910 1191 1050 1251 locamus.

620 1383 813 1392 -ο-η-ιικ--ι--η

546 1509 779 1576 ὃΑΤΙΒΑ
810 1509 871 1574 XI.

217 1643 337 1732 Atticus
361 1669 467 1728 eximie
486 1669 511 1728 si
537 1678 657 1742 coenat,
681 1669 777 1730 lautus
796 1668 933 1735 habetem

217 1756 250 1815 Si
270 1751 400 1827 Rutilus,
425 1751 555 1812 demens.
590 1751 665 1826 Quid
688 1754 763 1812 enim
787 1753 897 1812 maiore
921 1751 1061 1814 cachinno

217 1837 370 1914 Excipitur
394 1835 491 1912 vulgi,
517 1853 602 1915 quana
623 1853 735 1915 pauper
758 1833 900 1914 Apicius?
920 1837 1012 1896 omnis

113 1975 115 1980 .
219 1919 392 1995 Convictus,
415 1919 561 1997 thermae,
589 1922 746 1996 stationes,
768 1937 852 1980 omna
875 1919 1017 1980 theutrum

218 2005 262 2066 lle
289 2003 397 2064 llutilo.
431 1999 503 2065 Nam
529 2003 595 2064 dum
618 2004 713 2065 valida
738 2022 774 2064 ac
796 2003 941 2064 iuvenalia
963 2005 1093 2066 membra
1187 2017 1200 2068 t

219 2089 371 2149 Suiliciunt
397 2087 519 2164 galeae,
547 2088 671 2166 dumque
695 2088 798 2148 ardent
822 2088 978 2166 sanguiue,
1005 2089 1108 2165 lemur,

218 2171 284 2232 Non
309 2180 434 2248 cogente
457 2171 589 2248 quidem,
614 2171 667 2232 sed
689 2189 745 2231 aec
769 2171 943 2250 prohibente
966 2173 1093 2249 tribuno,

219 2256 386 2332 Scripturus
409 2253 493 2330 leges
520 2263 550 2314 et
575 2256 657 2332 regia
681 2254 771 2316 verba
793 2255 925 2316 lanistae.

218 2337 326 2398 illultos
349 2353 437 2415 porro
462 2337 560 2415 vides,
585 2355 660 2416 quos
682 2357 773 2418 saepe
800 2339 899 2400 elusus
924 2339 961 2400 ad
986 2341 1080 2420 ipsam

220 2420 354 2482 creditor
376 2421 522 2480 introitum
546 2421 624 2481 solet
647 2432 822 2501 exspectare
845 2423 973 2498 macelli,
1174 2439 1201 2488 tt

219 2504 256 2564 Et
283 2503 385 2583 quibus
408 2505 436 2562 in
459 2503 524 2564 solo
548 2505 664 2566 vivendi
687 2524 774 2567 causa
797 2507 895 2584 palato
919 2516 974 2566 est

221 2588 365 2666 Egregius
389 2596 494 2648 coenat
515 2588 678 2667 meliusque
698 2591 875 2650 miserrimus
897 2590 999 2651 borum

219 2673 256 2733 ldt
282 2673 339 2732 cito
364 2689 484 2732 casurus
510 2673 564 2733 iam
586 2673 755 2751 perlucente
783 2676 874 2734 ruina.

219 2757 333 2818 Interea
356 2765 457 2833 gustus
481 2756 625 2818 elementa
649 2776 703 2836 per
725 2759 819 2818 omnia
841 2767 992 2837 quaerunt,

218 2840 379 2920 Numquam
406 2842 499 2900 animo
521 2843 622 2919 pretiis
649 2841 843 2908 obstantibus:
872 2842 991 2901 interius
1014 2844 1039 2902 si
1176 2857 1201 2906 15

219 2924 377 2999 Attendas,
401 2926 494 3002 magis
514 2925 564 2986 illa
587 2927 699 3001 iuvant,
723 2943 799 3006 quae
822 2925 912 3004 pluris
935 2935 1076 2987 emuntur.

219 3008 299 3084 Ergo
321 3007 396 3068 baud
421 3008 540 3069 diliicile
563 3019 608 3069 est
633 3011 789 3088 perituram
812 3027 966 3070 arcessere
989 3027 1137 3089 summam,

218 3090 360 3152 Lancibus
386 3093 530 3170 oppositis
555 3093 604 3153 vel
627 3094 726 3154 matris
747 3094 872 3170 imagine
895 3092 998 3169 fracta,

219 3173 257 3234 Et
283 3175 498 3252 quadringentis
512 3179 642 3235 'nummis
666 3177 786 3238 condire
809 3177 945 3254 gulosum

220 3257 339 3318 Fictile:
364 3260 407 3318 nic
429 3260 547 3319 veniunt
572 3259 609 3319 ad
644 3260 821 3321 miscillanea
843 3260 910 3320 ludi.
1172 3274 1203 3324 20

221 3341 322 3402 lleiert
348 3360 435 3421 ergo,
460 3345 524 3422 quie
548 3343 623 3404 haec
647 3344 749 3404 eadem
777 3353 874 3420 paret:
898 3345 927 3403 in
950 3343 1047 3404 Rutilo
1073 3363 1136 3406 nam
1176 3388 1180 3398 .

219 3425 343 3487 Luxuria
368 3436 430 3504 est,
456 3428 484 3486 in
508 3427 642 3488 Ventidio
667 3427 812 3488 laudabile
834 3444 939 3488 nomen

220 3511 310 3569 Sumit
335 3520 365 3570 ct
386 3529 403 3571 a
426 3529 514 3571 censu
537 3511 639 3573 lamam
664 3511 758 3572 trabit.
796 3511 878 3571 lllum
903 3527 960 3588 ego
983 3512 1045 3572 iure
