2480 4006
431 273 639 320 PRAEFATIO.
967 277 1028 323 XIII

49 423 199 491 22-17);
215 420 300 476 deiude
316 420 370 491 quia
383 418 554 475 Graeculorum
565 417 713 490 alicmmque
728 418 883 476 barbarorum
899 422 950 476 sola
968 423 1029 492 apud

49 512 160 577 potentes
170 511 240 577 atque
252 504 379 574 opulentos
391 503 501 558 homines
516 503 645 556 auctoritas
653 509 740 574 regnet
751 505 785 570 (1.
799 507 966 574 58-125);
977 515 1029 562 tum

49 591 105 662 quia
116 589 154 644 vel
164 589 225 644 inter
235 589 299 642 cives
311 588 390 643 omnia
401 587 535 642 diuitiarum
546 592 571 641 et
580 587 696 656 pecuniae
711 601 823 642 mensura
834 595 975 644 censeantur
984 606 1030 644 nec

49 674 148 744 pauperi
164 687 265 744 usquam
280 677 321 727 aut
342 673 411 726 locus
429 677 470 726 aut
487 669 546 725 fides
564 676 658 726 constet
675 670 911 742 (1.126-189);
928 673 1030 745 dentque

49 757 103 828 quia
116 771 147 812 nc
158 757 206 812 vita
217 756 313 827 quidem
324 762 365 811 aut
375 755 485 810 valetudo
496 755 626 809 innumeris
635 755 746 825 periculis
756 762 832 821 vacet,
842 771 944 827 quorum
956 773 1029 828 quum

47 841 159 911 prioceps
170 841 195 896 in
207 840 281 895 nriuis
292 846 364 912 atque
380 839 496 894 incendiis
506 837 668 894 aedificiorum
680 846 790 894 cernatur
801 839 837 905 (1.
850 843 901 897 190
909 867 942 878 -
955 846 1028 909 202),

48 931 119 995 poeta
130 924 179 981 hoc
194 939 290 996 quoque
306 925 330 979 in
347 938 437 996 genere
448 922 590 978 deteriorem
607 937 738 993 pauperum
751 923 914 978 conditionem
929 923 965 990 (1.
977 929 1029 982 203

47 1011 157 1077 -222)
169 1009 366 1080 municipalisque
378 1007 522 1080 frugalitatis
533 1008 701 1077 praestantiam
712 1007 784 1062 iactat
796 1006 832 1074 (1.
848 1010 900 1064 223
909 1035 945 1046 -
953 1011 1027 1076 231),

47 1092 105 1148 hinc
119 1108 176 1148 vero
188 1093 217 1148 ad
228 1091 313 1147 urbem
335 1106 445 1147 reversus
461 1093 552 1146 uiarum
570 1091 697 1161 strepitum
712 1091 883 1162 angustiasque
899 1091 1028 1147 laborantis

49 1176 133 1232 turbae
145 1175 182 1244 (1.
193 1179 244 1234 232
253 1204 289 1216 -
298 1178 371 1244 253),
383 1176 457 1231 immo
469 1182 495 1231 et
504 1175 606 1230 vestium
617 1181 642 1228 et
652 1174 816 1230 membrorum
825 1174 961 1230 discrimina
972 1191 1028 1230 curn

47 1260 173 1315 hominum
191 1276 220 1315 ac
229 1261 390 1330 plaustrorum
405 1275 523 1315 concursu
535 1259 662 1314 coniuncta
678 1258 793 1331 graphice
804 1259 918 1314 describit
929 1260 965 1329 (1.
976 1262 1027 1315 211

49 1375 88 1384 -
96 1346 160 1411 267)
178 1359 224 1399 nec
234 1345 326 1399 minora
336 1344 415 1400 noctis
425 1343 530 1414 pericula
542 1343 581 1398 vel
591 1358 605 1398 a
614 1358 726 1398 vasorum
738 1358 794 1397 casu
806 1345 840 1411 (1.
853 1345 1027 1411 268-277)

48 1427 84 1481 vel
97 1427 127 1482 ab
134 1427 254 1484 ebriorum
265 1427 395 1498 petulantia
403 1427 439 1493 (1.
447 1427 649 1495 273-301)111
661 1442 674 1480 a
684 1433 848 1498 grassatorum
858 1427 949 1496 impetu
960 1441 1028 1497 repe·

47 1511 77 1564 tit
89 1511 126 1578 (1.
138 1513 312 1580 302-314);
325 1527 409 1566 omnes
420 1517 501 1566 autem
515 1516 595 1581 partes
605 1517 642 1565 tot
652 1511 802 1582 siugularum
813 1511 946 1581 imaginum
957 1511 1027 1566 lumi·

46 1594 119 1648 nibus
128 1595 315 1668 facetiarumque
331 1595 420 1650 aculeis
431 1595 552 1658 distinxit,
565 1601 593 1648 ut
607 1595 667 1650 haec
677 1594 748 1648 satira
766 1594 835 1648 facile
852 1593 956 1663 palmam
966 1594 1027 1648 inter

48 1677 152 1749 reliquas
163 1679 262 1734 auferat.
291 1678 394 1745 Quartae
405 1679 578 1742 oeconomiam,
591 1691 652 1749 quae
665 1677 743 1748 primo
753 1683 852 1748 aspectu
863 1678 1028 1733 inconcinnior

46 1761 120 1817 uideri
136 1763 225 1832 possit,
242 1765 303 1818 scite
314 1763 419 1819 defendit
430 1761 619 1835 Nhgelsbachius
629 1763 652 1817 in
663 1761 749 1817 Philol.
762 1762 789 1816 Τ.
801 1761 847 1826 111,
860 1777 884 1832 p.
896 1764 948 1820 469
959 1778 1026 1834 sqq.;

46 1846 114 1900 errius
126 1861 199 1916 quum
209 1847 275 1916 prior
285 1863 339 1916 pars
352 1849 386 1915 (v.
399 1849 505 1914 1-33)
517 1847 541 1900 in
548 1846 651 1916 Crispini
661 1847 709 1900 iam
719 1845 769 1901 Sat.
782 1845 799 1900 1.
812 1846 845 1905 27
855 1847 939 1914 notati,
954 1847 1026 1902 altera

44 1929 68 1984 in
80 1929 156 1998 ipsius
167 1928 297 1984 Domitiani
309 1929 493 1998 reprehensione
502 1934 623 1994 versetur,
639 1929 704 1982 illam
722 1929 850 1982 commode
865 1945 921 1983 cum
932 1931 1024 1999 praefa-

45 2013 153 2066 tionibus
173 2012 223 2064 sive
243 2013 402 2078 προλαλιαῖς
425 2011 613 2080 comparaveris,
640 2010 726 2082 quibus
748 2011 875 2066 recitantes
892 2013 929 2066 vel
947 2013 1026 2068 decla·

44 2100 139 2150 mantes
149 2093 286 2150 auditorum
296 2095 389 2150 animos
403 2096 431 2149 ad
442 2095 549 2166 Ipsorum
560 2101 699 2165 poematum
709 2095 873 2150 orationumue
884 2105 1025 2168 argumenta

43 2191 187 2249 praeparare
196 2177 321 2241 solebant;
345 2179 390 2233 nisi
402 2180 466 2250 quod
482 2193 547 2234 nuno
557 2185 629 2250 poeta
639 2177 732 2236 hlusam
745 2186 800 2251 post
813 2179 984 2250 praefationem
995 2181 1024 2236 ad

43 2262 173 2316 dicendum
184 2269 350 2334 assurgentem
362 2262 486 2318 considere
500 2262 574 2328 iubet,
590 2263 701 2335 quianon
712 2263 792 2319 l'ahula
802 2263 844 2318 sed
855 2278 1024 2320 1121111211-

43 2343 157 2412 11121(1.
170 2347 315 2415 34-36).
341 2345 407 2402 llaec
416 2353 496 2403 antem
508 2348 532 2402 in
542 2347 632 2403 Albana
642 2347 772 2404 Domitiani
785 2362 840 2403 arce
855 2349 942 2421 agitur,
956 2351 1024 2403 cuius

42 2443 119 2499 nuper
129 2428 240 2501 reliquias
251 2430 352 2485 feliciter
363 2433 496 2501 repperisse
506 2432 607 2488 traditur
617 2431 681 2489 Rosa
692 2433 837 2489 architectus
847 2431 921 2487 Italus
931 2433 955 2486 in
966 2431 1024 2487 Ger-

42 2511 110 2570 hard.
124 2510 184 2583 lfph.
197 2512 314 2572 archaeol.
336 2519 415 2579 1352,
428 2531 452 2586 p.
465 2519 515 2573 241
534 2522 559 2571 et
575 2517 638 2573 Bull.
652 2517 706 2572 dell·
718 2517 794 2574 Instit
806 2516 871 2572 arch.
884 2517 959 2581 1813,
972 2520 1024 2586 123

41 2612 109 2667 sqq-t
126 2595 168 2651 uhi
179 2613 253 2667 quum
267 2599 372 2668 piscator
387 2600 549 2656 Anconitanus
566 2617 633 2657 rarae
649 2602 822 2674 magnitudinis
838 2601 965 2656 rhombum
978 2601 1024 2654 im-

42 2679 146 2750 peratori
158 2681 221 2736 dono
233 2681 360 2737 obtulisset
371 2682 407 2751 (1.
416 2686 449 2740 37
460 2711 496 2722 -
506 2685 562 2753 71),
573 2685 613 2739 hic
625 2685 770 2755 reipublicae
786 2699 898 2755 proceros
909 2684 1024 2754 aulaeque

42 2763 162 2836 principes
175 2765 199 2818 in
216 2765 342 2821 consilium
354 2767 478 2822 advocavit
488 2767 667 2832 deliberaturos,
685 2769 748 2838 quali
760 2769 839 2838 patina
851 2767 941 2836 piscem
952 2766 1023 2836 coqui

40 2854 166 2918 oporteret
182 2848 217 2915 (v.
236 2852 397 2919 72-149),
410 2850 527 2922 huiusque
545 2851 638 2906 consilii
653 2851 735 2920 specio
751 2849 868 2904 luvenalis
885 2849 951 2918 ipsos
969 2849 1023 2902 illos

39 2931 152 2988 homines
168 2934 309 2988 nominatim
326 2933 478 3006 depingendo
489 2935 528 2989 uel
540 2933 703 2989 lutidissimum
722 2939 892 3004 argumentum
909 2931 1023 3001 praeclari

40 3014 133 3087 ingenii
149 3017 238 3071 virtute
255 3018 504 3087 insplendidissimam
520 3023 657 3088 temporum
679 3016 810 3088 imaginem
829 3016 935 3070 conuerti
953 3030 1024 3086 posse

40 3098 154 3155 ostendit.
188 3098 290 3166 0211121
306 3101 393 3156 satirae
409 3101 571 3172 principaliter
587 3100 635 3154 hoc
652 3101 801 3171 propositum
819 3106 868 3164 est,
887 3105 915 3155 21
926 3100 1023 3171 ancipiti

42 3198 156 3247 censura,
170 3183 233 3255 quali
244 3185 386 3256 plerumque
398 3185 515 3240 luvenalis
525 3185 608 3248 utitur,
620 3183 789 3254 opulentorum
799 3183 925 3239 hominum
939 3185 1024 3240 sordes

41 3273 65 3321 et
76 3267 193 3322 clientum
204 3267 318 3323 vilitatem
328 3274 400 3334 taxet
414 3269 454 3339 qui
465 3283 540 3340 quum
551 3268 581 3323 ab
592 3268 638 3322 illis
649 3268 678 3323 ad
685 3281 785 3322 coenam
797 3267 895 3323 adhibiti
906 3268 1024 3340 indignis·

40 3351 99 3405 sima
111 3351 280 3421 inaequalitate
290 3358 435 3420 tractentur,
452 3359 531 3410 tamm
552 3357 577 3407 et
588 3351 631 3407 has
644 3351 741 3406 iniurias
757 3357 782 3405 et
797 3352 887 3422 rebqua
899 3352 1023 3408 clientelae

41 3434 194 3490 incommoda
207 3435 282 3505 ipsius
293 3451 383 3492 coenae
392 3437 499 3508 quantus
509 3451 575 3491 rarae
585 3450 629 3507 spe
640 3435 722 3508 aequis
732 3435 818 3491 animis
829 3436 920 3496 ferant:
939 3437 1022 3491 cadem

44 3519 142 3573 rerouel
157 3533 183 3572 ea
191 3533 218 3574 re
225 3520 372 3591 antiquitatis
378 3520 513 3574 studiosum
525 3521 640 3586 aduertit,
653 3520 708 3592 quia
717 3519 804 3574 veteris
814 3533 904 3576 coenae
914 3519 1021 3575 ordinem

42 3599 153 3674 legitimo
164 3601 268 3658 decursu
283 3604 391 3675 sequitur
405 3603 604 3677 singulorumque
622 3603 767 3660 ferculorum
783 3603 850 3660 uelut
860 3609 928 3658 actus
937 3607 1024 3673 poetae
