2480 4006
444 239 568 287 SATlRA
590 241 627 286 11.

96 378 171 440 Non
190 379 254 440 tulit
276 397 314 438 ex
335 377 394 438 illis
415 386 528 438 torvum
549 377 671 437 baronia
694 377 837 456 quendam
941 405 944 409 ·

26 463 222 526 clamantem
245 464 350 522 toties:
373 461 422 521 uhi
443 480 518 521 nunc
538 462 589 520 lex
609 457 703 521 luliai
727 458 855 520 dormis?

27 550 140 627 Atque
163 548 202 607 ita
223 545 392 606 subridens:
412 543 525 619 ,Felicia
546 554 694 623 tempora,
719 561 794 624 quae
817 553 846 604 te

26 631 173 693 Moribus
196 629 359 708 opponunt!
382 628 489 690 habeat
509 630 564 688 iarn
586 628 677 688 Roma
700 628 858 707 pudorem;

28 717 159 776 Tertius
181 731 199 773 e
222 713 309 772 coelo
332 712 437 772 cecidit
460 709 549 773 Cato!
571 712 624 773 sed
642 722 738 773 tamen
760 712 835 773 unde
995 722 1031 776 to
1137 715 1138 718 ’

28 799 120 858 llaec
145 798 236 873 emis,
259 797 370 857 hirsuto
392 797 503 876 spirant
525 796 714 874 opobalsama
734 796 813 856 collo

31 883 123 956 Quae
146 877 221 940 tihi?
242 899 279 940 nc
301 880 408 959 pudeat
429 880 571 940 dominum
592 889 753 941 monstrare
775 875 946 940 tabernae·

32 965 127 1039 Quod
151 965 177 1023 si
193 973 335 1024 vexantur
354 964 456 1042 leges,
477 973 506 1024 at
527 967 589 1024 iure
612 965 693 1024 citari

33 1050 116 1108 Ante
141 1063 243 1107 omnes
264 1046 352 1107 debet
368 1049 531 1119 Scantinia3
566 1049 683 1126 respice
703 1048 823 1126 primunr

33 1131 74 1192 Et
98 1140 234 1192 scrutare
253 1131 352 1192 viros:
373 1131 483 1191 faciunt
505 1131 535 1191 hi
556 1131 655 1210 plura,
679 1131 732 1191 sed
751 1131 820 1191 illos
998 1141 1031 1194 45

34 1215 183 1276 Defendit
203 1233 338 1274 numerus
361 1216 535 1294 iunctaeque
557 1214 682 1275 umbone
705 1214 876 1292 phalanges.

34 1299 148 1378 Magna
170 1299 245 1359 inter
265 1298 371 1359 molles
393 1300 565 1368 concordia;
587 1316 645 1358 non
665 1301 720 1358 erit
742 1297 830 1358 ullum

35 1383 217 1462 Exemplum
239 1383 268 1442 in
289 1393 390 1443 nostro
412 1393 469 1444 tam
489 1383 663 1444 detestabile
680 1401 762 1442 sexu.

37 1465 135 1528 Vedia
156 1483 215 1526 non
237 1465 336 1528 lambit
359 1465 489 1528 Cluviam
511 1486 567 1526 nec
588 1465 676 1526 Flora
699 1463 857 1525 Catullam:

36 1551 133 1630 llispo
154 1549 231 1610 subit
249 1551 370 1610 iuvenes
393 1559 422 1611 et
442 1551 544 1610 rncrbo
562 1549 654 1627 pallet
674 1558 808 1626 utroque.
998 1560 1031 1610 50

36 1633 187 1714 Numquid
208 1651 262 1694 nos
285 1635 397 1712 agimus
420 1651 540 1710 causas,
564 1633 660 1693 ciuilia
676 1633 744 1692 iura

38 1717 197 1793 Novimus,
220 1726 267 1778 aut
288 1718 348 1778 ullo
371 1718 495 1796 strepitu
517 1717 579 1776 lora
601 1725 700 1776 vestra
722 1711 891 1776 movemus?

39 1801 198 1861 Luctantur
221 1819 349 1880 paucae,
373 1801 526 1862 comedunt
538 1800 675 1879 colyphia
695 1817 822 1878 paucae:

43 1880 106 1944 Vos
129 1884 223 1944 lanam
245 1884 356 1944 trahitis
379 1885 561 1962 calathisque
583 1892 704 1962 peracta
722 1883 841 1941 refertis

40 1967 181 2043 Vellera,
203 1985 258 2027 vos
279 1970 358 2028 tenui
380 1976 570 2047 praegnatem
591 1967 712 2026 stamine
734 1966 828 2025 iusum
997 1979 1030 2030 55

43 2051 192 2130 Penelope
214 2051 335 2128 melius,
356 2052 451 2112 levius
472 2052 615 2128 torquetis
637 2049 790 2124 Arachne,

43 2135 168 2196 Horrida
190 2131 369 2214 quale'iacit
390 2135 524 2196 residens
546 2136 575 2194 in
593 2135 696 2194 codice
718 2133 827 2212 pellex.

43 2219 148 2280 Notum
172 2229 233 2296 est,
258 2238 310 2280 cur
331 2220 395 2280 solo
418 2218 532 2280 tabulas
552 2219 718 2298 impleverit
739 2217 837 2278 Hister

43 2302 178 2380 biberto,
202 2303 316 2364 dederit
337 2303 420 2364 vivus
440 2321 491 2363 cur
509 2303 596 2363 multa
618 2302 744 2382 puellae.

46 2387 134 2446 Dives
156 2387 226 2463 erit,
245 2403 350 2464 magno
371 2405 447 2466 quae
469 2386 572 2448 dormit
593 2387 678 2446 tertia
700 2387 788 2446 lecto.
989 2395 1029 2464 Ι60

47 2470 87 2530 Tu
107 2469 183 2529 nube
205 2479 292 2549 atque
313 2480 396 2532 tace:
417 2471 523 2531 donant
544 2489 648 2531 arcana
670 2470 828 2546 cylindros.

45 2554 89 2614 lle
111 2552 195 2613 nobis
215 2563 284 2632 post
304 2553 380 2642 haec
400 2555 490 2614 tristis
513 2556 655 2615 sententia
676 2554 782 2621 fertum

47 2637 100 2698 liat
120 2637 234 2698 veniam
255 2639 369 2713 corvis,
390 2647 480 2698 vexat
501 2655 623 2700 censura
646 2637 818 2710 columbas„

105 2719 254 2798 Fugerunt
274 2722 381 2801 trepidi
403 2740 474 2782 vera
496 2740 531 2783 ac
552 2721 703 2784 manifesta
726 2730 877 2782 canentem

48 2805 206 2873 Stoicidae;
238 2805 306 2884 quid
330 2805 405 2865 enim
423 2805 490 2865 falsi
512 2801 654 2866 baronia?
678 2804 731 2864 sed
754 2804 823 2883 quid
994 2812 1028 2866 65

49 2885 109 2946 Non
129 2887 238 2948 iacient
260 2889 323 2965 alii,
347 2907 432 2968 quum
452 2898 483 2949 tu
505 2890 630 2950 multicia
651 2905 762 2962 sumas,

52 2967 179 3048 Cretice,
202 2979 232 3031 et
249 2971 324 3032 hanc
346 2981 459 3032 vestem
482 2973 593 3052 populo
614 2967 734 3031 mirante
754 2985 879 3048 perores

50 3052 80 3112 ln
99 3053 234 3115 Proculas
258 3064 287 3115 et
308 3053 460 3116 Pollittas?
490 3065 535 3117 est
556 3053 679 3116 moecha
698 3051 833 3113 Fabulla:

52 3135 216 3215 bamuetur,
240 3140 266 3198 si
287 3139 347 3215 vis,
373 3141 457 3200 etiam
481 3137 620 3200 Gardnia:
645 3137 733 3198 talem

52 3218 112 3281 llon
132 3230 222 3282 sumet
243 3222 376 3284 damnata
397 3231 504 3301 togam.
519 3253 563 3268 -·
582 3220 641 3280 Sed
663 3219 751 3280 lulius
773 3219 873 3298 ardet,
991 3229 1031 3284 '70

54 3302 329 3366 hostum-Nudus
340 3323 427 3384 agas:
448 3308 539 3366 minus
551 3314 596 3366 est
604 3307 713 3366 insania
735 3304 841 3383 turpis!

54 3385 93 3445 liu
111 3387 251 3465 habiturn,
273 3407 330 3468 quo
352 3399 382 3450 te
405 3389 491 3467 leges
513 3409 548 3451 ac
570 3391 633 3451 iura
654 3391 797 3450 ferentem

53 3468 218 3530 Vulneribus
240 3474 336 3558 crudis
357 3473 484 3552 populus
505 3473 591 3534 modo
611 3475 706 3534 victor
726 3482 755 3534 et
777 3473 847 3534 illud
