<?xml version="1.0" encoding="UTF-8"?>
<!DOCTYPE html PUBLIC "-//W3C//DTD XHTML 1.0 Transitional//EN"
    "http://www.w3.org/TR/xhtml1/DTD/xhtml1-transitional.dtd">
<html xmlns="http://www.w3.org/1999/xhtml" xml:lang="en" lang="en">
 <head>
  <title>
</title>
<meta http-equiv="Content-Type" content="text/html;charset=utf-8" />
  <meta name='ocr-system' content='tesseract 3.04.00' />
  <meta name='ocr-capabilities' content='ocr_page ocr_carea ocr_par ocr_line ocrx_word'/>
</head>
<body>
  <div class='ocr_page' id='page_1' title='image "./satirarumlibriq04juvegoog_0076.png"; bbox 0 0 2480 4006; ppageno 0'>
   <div class='ocr_carea' id='block_1_1' title="bbox 422 277 1006 337">
    <p class='ocr_par' dir='ltr' id='par_1_1' title="bbox 422 277 1006 337">
     <span class='ocr_line' id='line_1_1' title="bbox 422 277 1006 337; baseline 0.002 -3"><span class='ocrx_word' id='word_1_1' title='bbox 422 286 546 334; x_wconf 73' lang='lat' dir='ltr'>snursa</span> <span class='ocrx_word' id='word_1_2' title='bbox 568 285 613 334; x_wconf 89' lang='lat' dir='ltr'>vr.</span> <span class='ocrx_word' id='word_1_3' title='bbox 969 277 1006 337; x_wconf 77' lang='lat'>41</span> 
     </span>
    </p>
   </div>
   <div class='ocr_carea' id='block_1_2' title="bbox 24 424 1013 3517">
    <p class='ocr_par' dir='ltr' id='par_1_2' title="bbox 24 424 1013 2680">
     <span class='ocr_line' id='line_1_2' title="bbox 26 424 852 506; baseline 0.002 -22"><span class='ocrx_word' id='word_1_4' title='bbox 26 424 167 486; x_wconf 80' lang='lat' dir='ltr'>Verberat</span> <span class='ocrx_word' id='word_1_5' title='bbox 191 436 277 506; x_wconf 84' lang='lat' dir='ltr'>atque</span> <span class='ocrx_word' id='word_1_6' title='bbox 299 427 394 488; x_wconf 91' lang='lat' dir='ltr'>obiter</span> <span class='ocrx_word' id='word_1_7' title='bbox 419 427 524 486; x_wconf 87' lang='lat' dir='ltr'>faciem</span> <span class='ocrx_word' id='word_1_8' title='bbox 547 425 622 504; x_wconf 90' lang='lat' dir='ltr'>linit,</span> <span class='ocrx_word' id='word_1_9' title='bbox 646 427 723 487; x_wconf 90' lang='lat' dir='ltr'>audit</span> <span class='ocrx_word' id='word_1_10' title='bbox 745 427 852 487; x_wconf 89' lang='lat' dir='ltr'>amicas</span> 
     </span>
     <span class='ocr_line' id='line_1_3' title="bbox 25 509 730 588; baseline 0 -19"><span class='ocrx_word' id='word_1_11' title='bbox 25 509 189 570; x_wconf 75' lang='lat' dir='ltr'>bullatum</span> <span class='ocrx_word' id='word_1_12' title='bbox 211 512 308 588; x_wconf 91' lang='lat' dir='ltr'>pictae</span> <span class='ocrx_word' id='word_1_13' title='bbox 328 511 419 570; x_wconf 89' lang='lat' dir='ltr'>vestis</span> <span class='ocrx_word' id='word_1_14' title='bbox 444 509 610 569; x_wconf 73' lang='lat' dir='ltr'>considerat</span> <span class='ocrx_word' id='word_1_15' title='bbox 633 527 730 570; x_wconf 89' lang='lat' dir='ltr'>aurum</span> 
     </span>
     <span class='ocr_line' id='line_1_4' title="bbox 24 593 722 672; baseline 0 -20"><span class='ocrx_word' id='word_1_16' title='bbox 24 593 60 652; x_wconf 87' lang='lat' dir='ltr'>Et</span> <span class='ocrx_word' id='word_1_17' title='bbox 81 594 189 663; x_wconf 78' lang='lat' dir='ltr'>caedit3</span> <span class='ocrx_word' id='word_1_18' title='bbox 214 595 294 671; x_wconf 88' lang='lat' dir='ltr'>longi</span> <span class='ocrx_word' id='word_1_19' title='bbox 316 595 423 672; x_wconf 87' lang='lat' dir='ltr'>relegit</span> <span class='ocrx_word' id='word_1_20' title='bbox 444 603 608 654; x_wconf 90' lang='lat' dir='ltr'>transversa</span> <span class='ocrx_word' id='word_1_21' title='bbox 630 593 722 653; x_wconf 94' lang='lat' dir='ltr'>diurni</span> 
     </span>
     <span class='ocr_line' id='line_1_5' title="bbox 25 676 738 755; baseline -0.001 -18"><span class='ocrx_word' id='word_1_22' title='bbox 25 677 60 737; x_wconf 83' lang='lat' dir='ltr'>lit</span> <span class='ocrx_word' id='word_1_23' title='bbox 83 678 196 755; x_wconf 89' lang='lat' dir='ltr'>caedit,</span> <span class='ocrx_word' id='word_1_24' title='bbox 218 679 313 739; x_wconf 91' lang='lat' dir='ltr'>donec</span> <span class='ocrx_word' id='word_1_25' title='bbox 335 679 422 739; x_wconf 88' lang='lat' dir='ltr'>lassis</span> <span class='ocrx_word' id='word_1_26' title='bbox 446 676 650 737; x_wconf 89' lang='lat' dir='ltr'>caedentibus:</span> <span class='ocrx_word' id='word_1_27' title='bbox 676 677 738 737; x_wconf 81' lang='lat' dir='ltr'>exi!</span> 
     </span>
     <span class='ocr_line' id='line_1_6' title="bbox 25 760 1011 840; baseline 0 -20"><span class='ocrx_word' id='word_1_28' title='bbox 25 762 137 822; x_wconf 90' lang='lat' dir='ltr'>lntonet</span> <span class='ocrx_word' id='word_1_29' title='bbox 159 760 349 839; x_wconf 91' lang='lat' dir='ltr'>horrendum,</span> <span class='ocrx_word' id='word_1_30' title='bbox 372 763 427 822; x_wconf 89' lang='lat' dir='ltr'>iam</span> <span class='ocrx_word' id='word_1_31' title='bbox 450 761 615 838; x_wconf 76' lang='lat' dir='ltr'><strong>cognitione</strong></span> <span class='ocrx_word' id='word_1_32' title='bbox 639 766 768 840; x_wconf 84' lang='lat' dir='ltr'>peracta.</span> <span class='ocrx_word' id='word_1_33' title='bbox 960 772 1011 827; x_wconf 76' lang='lat'>485</span> 
     </span>
     <span class='ocr_line' id='line_1_7' title="bbox 25 844 750 907; baseline -0.004 -2"><span class='ocrx_word' id='word_1_34' title='bbox 25 845 211 906; x_wconf 74' lang='lat' dir='ltr'><strong>Praefectura</strong></span> <span class='ocrx_word' id='word_1_35' title='bbox 237 846 338 907; x_wconf 90' lang='lat' dir='ltr'>domus</span> <span class='ocrx_word' id='word_1_36' title='bbox 360 844 458 906; x_wconf 89' lang='lat' dir='ltr'>Sicula</span> <span class='ocrx_word' id='word_1_37' title='bbox 478 861 536 904; x_wconf 94' lang='lat' dir='ltr'>non</span> <span class='ocrx_word' id='word_1_38' title='bbox 557 845 653 904; x_wconf 86' lang='lat' dir='ltr'>mitior</span> <span class='ocrx_word' id='word_1_39' title='bbox 676 845 750 905; x_wconf 91' lang='lat' dir='ltr'>aula.</span> 
     </span>
     <span class='ocr_line' id='line_1_8' title="bbox 25 928 764 1008; baseline 0.001 -20"><span class='ocrx_word' id='word_1_40' title='bbox 25 928 94 990; x_wconf 89' lang='lat' dir='ltr'>Nam</span> <span class='ocrx_word' id='word_1_41' title='bbox 116 931 142 988; x_wconf 90' lang='lat' dir='ltr'>si</span> <span class='ocrx_word' id='word_1_42' title='bbox 165 931 313 990; x_wconf 89' lang='lat' dir='ltr'>constituit</span> <span class='ocrx_word' id='word_1_43' title='bbox 335 929 482 1008; x_wconf 89' lang='lat' dir='ltr'>solitoque</span> <span class='ocrx_word' id='word_1_44' title='bbox 506 928 657 988; x_wconf 77' lang='lat' dir='ltr'>decentius</span> <span class='ocrx_word' id='word_1_45' title='bbox 683 937 764 1007; x_wconf 90' lang='lat' dir='ltr'>optat</span> 
     </span>
     <span class='ocr_line' id='line_1_9' title="bbox 26 1011 848 1093; baseline 0.001 -22"><span class='ocrx_word' id='word_1_46' title='bbox 26 1011 125 1073; x_wconf 89' lang='lat' dir='ltr'>Ornari</span> <span class='ocrx_word' id='word_1_47' title='bbox 147 1022 177 1073; x_wconf 91' lang='lat' dir='ltr'>et</span> <span class='ocrx_word' id='word_1_48' title='bbox 199 1023 339 1093; x_wconf 90' lang='lat' dir='ltr'>properat</span> <span class='ocrx_word' id='word_1_49' title='bbox 362 1015 476 1092; x_wconf 87' lang='lat' dir='ltr'>iamque</span> <span class='ocrx_word' id='word_1_50' title='bbox 499 1021 686 1092; x_wconf 88' lang='lat' dir='ltr'>exspectatur</span> <span class='ocrx_word' id='word_1_51' title='bbox 707 1014 736 1071; x_wconf 89' lang='lat' dir='ltr'>in</span> <span class='ocrx_word' id='word_1_52' title='bbox 757 1012 848 1073; x_wconf 87' lang='lat' dir='ltr'>hortis</span> 
     </span>
     <span class='ocr_line' id='line_1_10' title="bbox 27 1097 705 1177; baseline 0.001 -22"><span class='ocrx_word' id='word_1_53' title='bbox 27 1097 80 1156; x_wconf 81' lang='lat' dir='ltr'>hut</span> <span class='ocrx_word' id='word_1_54' title='bbox 103 1097 181 1176; x_wconf 94' lang='lat' dir='ltr'>apud</span> <span class='ocrx_word' id='word_1_55' title='bbox 204 1097 316 1159; x_wconf 81' lang='lat' dir='ltr'>Isiacae</span> <span class='ocrx_word' id='word_1_56' title='bbox 341 1097 437 1177; x_wconf 89' lang='lat' dir='ltr'>potius</span> <span class='ocrx_word' id='word_1_57' title='bbox 459 1097 585 1157; x_wconf 87' lang='lat' dir='ltr'>sacraria</span> <span class='ocrx_word' id='word_1_58' title='bbox 609 1097 705 1172; x_wconf 91' lang='lat' dir='ltr'>lenae,</span> 
     </span>
     <span class='ocr_line' id='line_1_11' title="bbox 27 1179 1012 1260; baseline 0.006 -22"><span class='ocrx_word' id='word_1_59' title='bbox 27 1179 160 1259; x_wconf 75' lang='lat' dir='ltr'>Disponit</span> <span class='ocrx_word' id='word_1_60' title='bbox 184 1183 309 1258; x_wconf 90' lang='lat' dir='ltr'>crinem,</span> <span class='ocrx_word' id='word_1_61' title='bbox 333 1181 468 1242; x_wconf 91' lang='lat' dir='ltr'>laceratis</span> <span class='ocrx_word' id='word_1_62' title='bbox 492 1182 556 1260; x_wconf 94' lang='lat' dir='ltr'>ipsa</span> <span class='ocrx_word' id='word_1_63' title='bbox 580 1180 705 1260; x_wconf 84' lang='lat' dir='ltr'>capillis,</span> <span class='ocrx_word' id='word_1_64' title='bbox 960 1191 1012 1246; x_wconf 80' lang='lat'>490</span> 
     </span>
     <span class='ocr_line' id='line_1_12' title="bbox 27 1263 831 1344; baseline 0 -22"><span class='ocrx_word' id='word_1_65' title='bbox 27 1263 104 1324; x_wconf 91' lang='lat' dir='ltr'>Nuda</span> <span class='ocrx_word' id='word_1_66' title='bbox 129 1264 250 1325; x_wconf 91' lang='lat' dir='ltr'>humero</span> <span class='ocrx_word' id='word_1_67' title='bbox 273 1265 380 1326; x_wconf 84' lang='lat' dir='ltr'>Psecas</span> <span class='ocrx_word' id='word_1_68' title='bbox 402 1264 503 1324; x_wconf 83' lang='lat' dir='ltr'>infelix</span> <span class='ocrx_word' id='word_1_69' title='bbox 525 1265 668 1344; x_wconf 91' lang='lat' dir='ltr'>nudisque</span> <span class='ocrx_word' id='word_1_70' title='bbox 690 1264 831 1325; x_wconf 86' lang='lat' dir='ltr'>mamillis.</span> 
     </span>
     <span class='ocr_line' id='line_1_13' title="bbox 29 1346 725 1428; baseline 0.001 -23"><span class='ocrx_word' id='word_1_71' title='bbox 29 1347 119 1406; x_wconf 82' lang='lat' dir='ltr'>hltior</span> <span class='ocrx_word' id='word_1_72' title='bbox 141 1347 190 1408; x_wconf 90' lang='lat' dir='ltr'>hic</span> <span class='ocrx_word' id='word_1_73' title='bbox 213 1367 302 1428; x_wconf 93' lang='lat' dir='ltr'>quare</span> <span class='ocrx_word' id='word_1_74' title='bbox 327 1346 495 1410; x_wconf 79' lang='lat' dir='ltr'>cincinnus?</span> <span class='ocrx_word' id='word_1_75' title='bbox 524 1357 623 1408; x_wconf 91' lang='lat' dir='ltr'>taurea</span> <span class='ocrx_word' id='word_1_76' title='bbox 646 1349 725 1425; x_wconf 93' lang='lat' dir='ltr'>punit</span> 
     </span>
     <span class='ocr_line' id='line_1_14' title="bbox 28 1427 713 1509; baseline -0.001 -20"><span class='ocrx_word' id='word_1_77' title='bbox 28 1427 168 1491; x_wconf 80' lang='lat' dir='ltr'>Continuo</span> <span class='ocrx_word' id='word_1_78' title='bbox 190 1432 259 1492; x_wconf 85' lang='lat' dir='ltr'>llexi</span> <span class='ocrx_word' id='word_1_79' title='bbox 282 1434 390 1494; x_wconf 90' lang='lat' dir='ltr'>crimen</span> <span class='ocrx_word' id='word_1_80' title='bbox 411 1432 581 1509; x_wconf 83' lang='lat' dir='ltr'>facinusque</span> <span class='ocrx_word' id='word_1_81' title='bbox 605 1431 713 1509; x_wconf 90' lang='lat' dir='ltr'>capilli.</span> 
     </span>
     <span class='ocr_line' id='line_1_15' title="bbox 28 1513 943 1595; baseline 0.005 -23"><span class='ocrx_word' id='word_1_82' title='bbox 28 1513 96 1586; x_wconf 82' lang='lat' dir='ltr'>Quid</span> <span class='ocrx_word' id='word_1_83' title='bbox 118 1515 229 1576; x_wconf 87' lang='lat' dir='ltr'>Psecas</span> <span class='ocrx_word' id='word_1_84' title='bbox 252 1513 386 1576; x_wconf 82' lang='lat' dir='ltr'>admisit?</span> <span class='ocrx_word' id='word_1_85' title='bbox 409 1533 548 1594; x_wconf 86' lang='lat' dir='ltr'>quaenam</span> <span class='ocrx_word' id='word_1_86' title='bbox 572 1523 617 1574; x_wconf 92' lang='lat' dir='ltr'>est</span> <span class='ocrx_word' id='word_1_87' title='bbox 638 1514 685 1572; x_wconf 89' lang='lat' dir='ltr'>hic</span> <span class='ocrx_word' id='word_1_88' title='bbox 708 1514 792 1592; x_wconf 90' lang='lat' dir='ltr'>culpa</span> <span class='ocrx_word' id='word_1_89' title='bbox 816 1517 943 1595; x_wconf 85' lang='lat' dir='ltr'>puellae,</span> 
     </span>
     <span class='ocr_line' id='line_1_16' title="bbox 28 1595 1011 1677; baseline 0.005 -21"><span class='ocrx_word' id='word_1_90' title='bbox 28 1598 54 1656; x_wconf 88' lang='lat' dir='ltr'>Si</span> <span class='ocrx_word' id='word_1_91' title='bbox 75 1598 127 1658; x_wconf 90' lang='lat' dir='ltr'>tibi</span> <span class='ocrx_word' id='word_1_92' title='bbox 149 1598 295 1677; x_wconf 87' lang='lat' dir='ltr'>displicuit</span> <span class='ocrx_word' id='word_1_93' title='bbox 316 1617 403 1660; x_wconf 87' lang='lat' dir='ltr'>nasus</span> <span class='ocrx_word' id='word_1_94' title='bbox 425 1595 513 1658; x_wconf 86' lang='lat' dir='ltr'>tuusi</span> <span class='ocrx_word' id='word_1_95' title='bbox 536 1597 626 1658; x_wconf 90' lang='lat' dir='ltr'>altera</span> <span class='ocrx_word' id='word_1_96' title='bbox 648 1596 762 1656; x_wconf 90' lang='lat' dir='ltr'>laevum</span> <span class='ocrx_word' id='word_1_97' title='bbox 960 1609 1011 1663; x_wconf 80' lang='lat'>495</span> 
     </span>
     <span class='ocr_line' id='line_1_17' title="bbox 29 1679 803 1761; baseline 0.004 -22"><span class='ocrx_word' id='word_1_98' title='bbox 29 1679 161 1742; x_wconf 87' lang='lat' dir='ltr'>llxtendit</span> <span class='ocrx_word' id='word_1_99' title='bbox 182 1683 332 1761; x_wconf 84' lang='lat' dir='ltr'>pectitque</span> <span class='ocrx_word' id='word_1_100' title='bbox 355 1699 453 1743; x_wconf 88' lang='lat' dir='ltr'>comas</span> <span class='ocrx_word' id='word_1_101' title='bbox 478 1691 507 1742; x_wconf 94' lang='lat' dir='ltr'>et</span> <span class='ocrx_word' id='word_1_102' title='bbox 529 1681 620 1742; x_wconf 91' lang='lat' dir='ltr'>volvit</span> <span class='ocrx_word' id='word_1_103' title='bbox 644 1681 672 1740; x_wconf 91' lang='lat' dir='ltr'>in</span> <span class='ocrx_word' id='word_1_104' title='bbox 694 1679 803 1742; x_wconf 88' lang='lat' dir='ltr'>orbem.</span> 
     </span>
     <span class='ocr_line' id='line_1_18' title="bbox 27 1763 716 1844; baseline 0.001 -21"><span class='ocrx_word' id='word_1_105' title='bbox 27 1763 74 1824; x_wconf 85' lang='lat' dir='ltr'>Est</span> <span class='ocrx_word' id='word_1_106' title='bbox 95 1767 124 1825; x_wconf 93' lang='lat' dir='ltr'>in</span> <span class='ocrx_word' id='word_1_107' title='bbox 150 1766 273 1826; x_wconf 86' lang='lat' dir='ltr'>consilio</span> <span class='ocrx_word' id='word_1_108' title='bbox 295 1775 423 1828; x_wconf 87' lang='lat' dir='ltr'>materna</span> <span class='ocrx_word' id='word_1_109' title='bbox 445 1765 618 1844; x_wconf 90' lang='lat' dir='ltr'>admotaque</span> <span class='ocrx_word' id='word_1_110' title='bbox 643 1763 716 1826; x_wconf 89' lang='lat' dir='ltr'>lanis</span> 
     </span>
     <span class='ocr_line' id='line_1_19' title="bbox 27 1846 738 1928; baseline 0 -21"><span class='ocrx_word' id='word_1_111' title='bbox 27 1846 150 1909; x_wconf 86' lang='lat' dir='ltr'>Emerita</span> <span class='ocrx_word' id='word_1_112' title='bbox 173 1867 247 1928; x_wconf 88' lang='lat' dir='ltr'>quae</span> <span class='ocrx_word' id='word_1_113' title='bbox 271 1859 367 1912; x_wconf 89' lang='lat' dir='ltr'>cessat</span> <span class='ocrx_word' id='word_1_114' title='bbox 389 1867 457 1918; x_wconf 88' lang='lat' dir='ltr'>aou;</span> <span class='ocrx_word' id='word_1_115' title='bbox 481 1850 624 1909; x_wconf 88' lang='lat' dir='ltr'>sententia</span> <span class='ocrx_word' id='word_1_116' title='bbox 647 1851 738 1926; x_wconf 93' lang='lat' dir='ltr'>prima</span> 
     </span>
     <span class='ocr_line' id='line_1_20' title="bbox 26 1929 860 2011; baseline 0.001 -20"><span class='ocrx_word' id='word_1_117' title='bbox 26 1929 108 1992; x_wconf 88' lang='lat' dir='ltr'>Huius</span> <span class='ocrx_word' id='word_1_118' title='bbox 135 1935 207 2008; x_wconf 91' lang='lat' dir='ltr'>erit,</span> <span class='ocrx_word' id='word_1_119' title='bbox 231 1934 394 2011; x_wconf 90' lang='lat' dir='ltr'>posthanc</span> <span class='ocrx_word' id='word_1_120' title='bbox 418 1941 514 1993; x_wconf 89' lang='lat' dir='ltr'>aetate</span> <span class='ocrx_word' id='word_1_121' title='bbox 536 1940 622 2010; x_wconf 89' lang='lat' dir='ltr'>atque</span> <span class='ocrx_word' id='word_1_122' title='bbox 649 1940 711 1990; x_wconf 89' lang='lat' dir='ltr'>arte</span> <span class='ocrx_word' id='word_1_123' title='bbox 734 1933 860 1993; x_wconf 88' lang='lat' dir='ltr'>minores</span> 
     </span>
     <span class='ocr_line' id='line_1_21' title="bbox 28 2011 1013 2093; baseline 0.006 -22"><span class='ocrx_word' id='word_1_124' title='bbox 28 2011 220 2091; x_wconf 79' lang='lat' dir='ltr'>(lensebunt,¹</span> <span class='ocrx_word' id='word_1_125' title='bbox 236 2024 380 2093; x_wconf 86' lang='lat' dir='ltr'>tamquam</span> <span class='ocrx_word' id='word_1_126' title='bbox 405 2016 497 2075; x_wconf 86' lang='lat' dir='ltr'>lamae</span> <span class='ocrx_word' id='word_1_127' title='bbox 523 2014 677 2074; x_wconf 84' lang='lat' dir='ltr'>discrimen</span> <span class='ocrx_word' id='word_1_128' title='bbox 699 2023 801 2091; x_wconf 80' lang='lat' dir='ltr'>agatur</span> <span class='ocrx_word' id='word_1_129' title='bbox 961 2027 1013 2077; x_wconf 79' lang='lat'>500</span> 
     </span>
     <span class='ocr_line' id='line_1_22' title="bbox 27 2097 828 2177; baseline 0.005 -21"><span class='ocrx_word' id='word_1_130' title='bbox 27 2097 76 2159; x_wconf 83' lang='lat' dir='ltr'>dut</span> <span class='ocrx_word' id='word_1_131' title='bbox 101 2099 231 2158; x_wconf 89' lang='lat' dir='ltr'>animae:</span> <span class='ocrx_word' id='word_1_132' title='bbox 257 2107 333 2158; x_wconf 88' lang='lat' dir='ltr'>tanta</span> <span class='ocrx_word' id='word_1_133' title='bbox 358 2107 402 2158; x_wconf 92' lang='lat' dir='ltr'>est</span> <span class='ocrx_word' id='word_1_134' title='bbox 420 2098 578 2177; x_wconf 90' lang='lat' dir='ltr'>quaerendi</span> <span class='ocrx_word' id='word_1_135' title='bbox 603 2115 671 2158; x_wconf 89' lang='lat' dir='ltr'>cura</span> <span class='ocrx_word' id='word_1_136' title='bbox 695 2098 828 2160; x_wconf 91' lang='lat' dir='ltr'>decoris!</span> 
     </span>
     <span class='ocr_line' id='line_1_23' title="bbox 27 2178 895 2261; baseline 0.008 -23"><span class='ocrx_word' id='word_1_137' title='bbox 27 2178 76 2241; x_wconf 87' lang='lat' dir='ltr'>lot</span> <span class='ocrx_word' id='word_1_138' title='bbox 90 2180 205 2261; x_wconf 89' lang='lat' dir='ltr'>&#39;premit</span> <span class='ocrx_word' id='word_1_139' title='bbox 228 2181 392 2258; x_wconf 82' lang='lat' dir='ltr'>ordinibus,</span> <span class='ocrx_word' id='word_1_140' title='bbox 416 2189 459 2242; x_wconf 94' lang='lat' dir='ltr'>tot</span> <span class='ocrx_word' id='word_1_141' title='bbox 480 2181 574 2243; x_wconf 91' lang='lat' dir='ltr'>adhuc</span> <span class='ocrx_word' id='word_1_142' title='bbox 597 2181 786 2260; x_wconf 74' lang='lat' dir='ltr'>compagibus</span> <span class='ocrx_word' id='word_1_143' title='bbox 809 2184 895 2244; x_wconf 90' lang='lat' dir='ltr'>altum</span> 
     </span>
     <span class='ocr_line' id='line_1_24' title="bbox 26 2261 842 2344; baseline 0.009 -23"><span class='ocrx_word' id='word_1_144' title='bbox 26 2261 166 2326; x_wconf 76' lang='lat' dir='ltr'>hediii&#39;cat</span> <span class='ocrx_word' id='word_1_145' title='bbox 188 2275 291 2344; x_wconf 88' lang='lat' dir='ltr'>caput:</span> <span class='ocrx_word' id='word_1_146' title='bbox 313 2265 536 2327; x_wconf 80' lang='lat' dir='ltr'>Andromachen</span> <span class='ocrx_word' id='word_1_147' title='bbox 558 2284 574 2326; x_wconf 94' lang='lat' dir='ltr'>a</span> <span class='ocrx_word' id='word_1_148' title='bbox 597 2266 691 2325; x_wconf 89' lang='lat' dir='ltr'>ironte</span> <span class='ocrx_word' id='word_1_149' title='bbox 716 2266 842 2336; x_wconf 91' lang='lat' dir='ltr'>videbis;</span> 
     </span>
     <span class='ocr_line' id='line_1_25' title="bbox 26 2345 944 2432; baseline 0.004 -26"><span class='ocrx_word' id='word_1_150' title='bbox 26 2345 88 2408; x_wconf 88' lang='lat' dir='ltr'>Post</span> <span class='ocrx_word' id='word_1_151' title='bbox 110 2349 205 2409; x_wconf 94' lang='lat' dir='ltr'>minor</span> <span class='ocrx_word' id='word_1_152' title='bbox 227 2359 288 2409; x_wconf 89' lang='lat' dir='ltr'>est:</span> <span class='ocrx_word' id='word_1_153' title='bbox 314 2349 417 2410; x_wconf 89' lang='lat' dir='ltr'>credas</span> <span class='ocrx_word' id='word_1_154' title='bbox 440 2349 533 2411; x_wconf 89' lang='lat' dir='ltr'>aliam.</span> <span class='ocrx_word' id='word_1_155' title='bbox 579 2348 677 2425; x_wconf 83' lang='lat' dir='ltr'>Cedo,</span> <span class='ocrx_word' id='word_1_156' title='bbox 700 2351 725 2410; x_wconf 90' lang='lat' dir='ltr'>si</span> <span class='ocrx_word' id='word_1_157' title='bbox 747 2349 838 2413; x_wconf 86' lang='lat' dir='ltr'>breve</span> <span class='ocrx_word' id='word_1_158' title='bbox 863 2353 944 2432; x_wconf 88' lang='lat' dir='ltr'>parvi</span> 
     </span>
     <span class='ocr_line' id='line_1_26' title="bbox 26 2430 1010 2514; baseline 0.008 -26"><span class='ocrx_word' id='word_1_159' title='bbox 26 2430 129 2493; x_wconf 84' lang='lat' dir='ltr'>Sortito</span> <span class='ocrx_word' id='word_1_160' title='bbox 153 2442 198 2492; x_wconf 90' lang='lat' dir='ltr'>est</span> <span class='ocrx_word' id='word_1_161' title='bbox 222 2432 322 2494; x_wconf 87' lang='lat' dir='ltr'>lateris</span> <span class='ocrx_word' id='word_1_162' title='bbox 345 2435 469 2513; x_wconf 90' lang='lat' dir='ltr'>spatium</span> <span class='ocrx_word' id='word_1_163' title='bbox 493 2434 670 2514; x_wconf 85' lang='lat' dir='ltr'>breviorque</span> <span class='ocrx_word' id='word_1_164' title='bbox 693 2435 808 2496; x_wconf 89' lang='lat' dir='ltr'>videtur</span> <span class='ocrx_word' id='word_1_165' title='bbox 960 2446 1010 2496; x_wconf 80' lang='lat'>505</span> 
     </span>
     <span class='ocr_line' id='line_1_27' title="bbox 24 2511 737 2595; baseline 0.008 -24"><span class='ocrx_word' id='word_1_166' title='bbox 24 2511 141 2593; x_wconf 75' lang='lat' dir='ltr'>Virgine</span> <span class='ocrx_word' id='word_1_167' title='bbox 164 2515 325 2595; x_wconf 77' lang='lat' dir='ltr'>Pygmaea,</span> <span class='ocrx_word' id='word_1_168' title='bbox 350 2517 436 2578; x_wconf 90' lang='lat' dir='ltr'>nullis</span> <span class='ocrx_word' id='word_1_169' title='bbox 461 2519 556 2579; x_wconf 91' lang='lat' dir='ltr'>adiuta</span> <span class='ocrx_word' id='word_1_170' title='bbox 579 2518 737 2595; x_wconf 87' lang='lat' dir='ltr'>cothurnis,</span> 
     </span>
     <span class='ocr_line' id='line_1_28' title="bbox 26 2593 772 2680; baseline 0.011 -25"><span class='ocrx_word' id='word_1_171' title='bbox 26 2593 59 2656; x_wconf 84' lang='lat' dir='ltr'>lit</span> <span class='ocrx_word' id='word_1_172' title='bbox 79 2599 155 2659; x_wconf 88' lang='lat' dir='ltr'>levis</span> <span class='ocrx_word' id='word_1_173' title='bbox 179 2611 279 2662; x_wconf 87' lang='lat' dir='ltr'>erecta</span> <span class='ocrx_word' id='word_1_174' title='bbox 304 2603 453 2680; x_wconf 83' lang='lat' dir='ltr'>consurgit</span> <span class='ocrx_word' id='word_1_175' title='bbox 478 2603 513 2663; x_wconf 90' lang='lat' dir='ltr'>ad</span> <span class='ocrx_word' id='word_1_176' title='bbox 536 2602 638 2662; x_wconf 89' lang='lat' dir='ltr'>oscula</span> <span class='ocrx_word' id='word_1_177' title='bbox 660 2603 772 2680; x_wconf 89' lang='lat' dir='ltr'>planta!</span> 
     </span>
    </p>

    <p class='ocr_par' dir='ltr' id='par_1_3' title="bbox 27 2680 1012 3517">
     <span class='ocr_line' id='line_1_29' title="bbox 62 2680 753 2762; baseline 0.006 -20"><span class='ocrx_word' id='word_1_178' title='bbox 62 2680 149 2744; x_wconf 89' lang='lat' dir='ltr'>Nulla</span> <span class='ocrx_word' id='word_1_179' title='bbox 171 2685 225 2745; x_wconf 90' lang='lat' dir='ltr'>viri</span> <span class='ocrx_word' id='word_1_180' title='bbox 249 2702 318 2746; x_wconf 88' lang='lat' dir='ltr'>cura</span> <span class='ocrx_word' id='word_1_181' title='bbox 341 2687 470 2762; x_wconf 90' lang='lat' dir='ltr'>interea,</span> <span class='ocrx_word' id='word_1_182' title='bbox 495 2703 551 2746; x_wconf 89' lang='lat' dir='ltr'>nec</span> <span class='ocrx_word' id='word_1_183' title='bbox 573 2688 680 2746; x_wconf 91' lang='lat' dir='ltr'>mentio</span> <span class='ocrx_word' id='word_1_184' title='bbox 704 2685 753 2746; x_wconf 88' lang='lat' dir='ltr'>iret</span> 
     </span>
     <span class='ocr_line' id='line_1_30' title="bbox 27 2762 714 2847; baseline 0.007 -26"><span class='ocrx_word' id='word_1_185' title='bbox 27 2762 211 2828; x_wconf 83' lang='lat' dir='ltr'>Damnorum:</span> <span class='ocrx_word' id='word_1_186' title='bbox 235 2771 306 2828; x_wconf 93' lang='lat' dir='ltr'>vivit</span> <span class='ocrx_word' id='word_1_187' title='bbox 328 2778 470 2847; x_wconf 89' lang='lat' dir='ltr'>tamquam</span> <span class='ocrx_word' id='word_1_188' title='bbox 494 2770 588 2830; x_wconf 90' lang='lat' dir='ltr'>vicina</span> <span class='ocrx_word' id='word_1_189' title='bbox 612 2769 714 2842; x_wconf 88' lang='lat' dir='ltr'>mariti,</span> 
     </span>
     <span class='ocr_line' id='line_1_31' title="bbox 28 2845 1012 2933; baseline 0.004 -28"><span class='ocrx_word' id='word_1_190' title='bbox 28 2845 86 2907; x_wconf 90' lang='lat' dir='ltr'>lloo</span> <span class='ocrx_word' id='word_1_191' title='bbox 107 2850 174 2910; x_wconf 90' lang='lat' dir='ltr'>solo</span> <span class='ocrx_word' id='word_1_192' title='bbox 197 2855 335 2932; x_wconf 92' lang='lat' dir='ltr'>propior,</span> <span class='ocrx_word' id='word_1_193' title='bbox 358 2853 435 2933; x_wconf 94' lang='lat' dir='ltr'>quod</span> <span class='ocrx_word' id='word_1_194' title='bbox 458 2853 567 2912; x_wconf 91' lang='lat' dir='ltr'>amicos</span> <span class='ocrx_word' id='word_1_195' title='bbox 591 2852 722 2926; x_wconf 88' lang='lat' dir='ltr'>coniugis</span> <span class='ocrx_word' id='word_1_196' title='bbox 746 2851 806 2912; x_wconf 92' lang='lat' dir='ltr'>odit</span> <span class='ocrx_word' id='word_1_197' title='bbox 903 2889 905 2894; x_wconf 91' lang='lat'>-</span> <span class='ocrx_word' id='word_1_198' title='bbox 960 2859 1012 2909; x_wconf 79' lang='lat'>510</span> 
     </span>
     <span class='ocr_line' id='line_1_32' title="bbox 29 2927 861 3014; baseline 0.006 -27"><span class='ocrx_word' id='word_1_199' title='bbox 29 2927 61 2989; x_wconf 86' lang='lat' dir='ltr'>llt</span> <span class='ocrx_word' id='word_1_200' title='bbox 83 2951 205 3011; x_wconf 87' lang='lat' dir='ltr'>servos,</span> <span class='ocrx_word' id='word_1_201' title='bbox 228 2937 326 3014; x_wconf 89' lang='lat' dir='ltr'>gravis</span> <span class='ocrx_word' id='word_1_202' title='bbox 352 2945 397 2996; x_wconf 87' lang='lat' dir='ltr'>est</span> <span class='ocrx_word' id='word_1_203' title='bbox 421 2933 596 2995; x_wconf 63' lang='lat' dir='ltr'>rationibus,</span> <span class='ocrx_word' id='word_1_204' title='bbox 636 2932 716 2993; x_wconf 80' lang='lat' dir='ltr'>Ecce</span> <span class='ocrx_word' id='word_1_205' title='bbox 739 2933 861 2993; x_wconf 90' lang='lat' dir='ltr'>lurentis</span> 
     </span>
     <span class='ocr_line' id='line_1_33' title="bbox 30 3011 847 3099; baseline 0.005 -29"><span class='ocrx_word' id='word_1_206' title='bbox 30 3011 162 3078; x_wconf 85' lang='lat' dir='ltr'>bellonae</span> <span class='ocrx_word' id='word_1_207' title='bbox 182 3022 339 3099; x_wconf 90' lang='lat' dir='ltr'>matrisque</span> <span class='ocrx_word' id='word_1_208' title='bbox 362 3019 445 3079; x_wconf 92' lang='lat' dir='ltr'>deum</span> <span class='ocrx_word' id='word_1_209' title='bbox 469 3017 574 3078; x_wconf 92' lang='lat' dir='ltr'>chorus</span> <span class='ocrx_word' id='word_1_210' title='bbox 586 3017 671 3076; x_wconf 92' lang='lat' dir='ltr'>intrat</span> <span class='ocrx_word' id='word_1_211' title='bbox 694 3025 723 3075; x_wconf 94' lang='lat' dir='ltr'>et</span> <span class='ocrx_word' id='word_1_212' title='bbox 746 3018 847 3093; x_wconf 84' lang='lat' dir='ltr'>ingens</span> 
     </span>
     <span class='ocr_line' id='line_1_34' title="bbox 30 3096 751 3178; baseline 0.004 -23"><span class='ocrx_word' id='word_1_213' title='bbox 30 3096 164 3178; x_wconf 81' lang='lat' dir='ltr'>Semivir,</span> <span class='ocrx_word' id='word_1_214' title='bbox 187 3101 318 3162; x_wconf 91' lang='lat' dir='ltr'>obsceno</span> <span class='ocrx_word' id='word_1_215' title='bbox 340 3104 433 3164; x_wconf 89' lang='lat' dir='ltr'>iacies</span> <span class='ocrx_word' id='word_1_216' title='bbox 455 3101 617 3162; x_wconf 89' lang='lat' dir='ltr'>reverenda</span> <span class='ocrx_word' id='word_1_217' title='bbox 637 3101 751 3176; x_wconf 92' lang='lat' dir='ltr'>minori,</span> 
     </span>
     <span class='ocr_line' id='line_1_35' title="bbox 30 3177 670 3265; baseline 0.009 -26"><span class='ocrx_word' id='word_1_218' title='bbox 30 3177 121 3245; x_wconf 90' lang='lat' dir='ltr'>llollia</span> <span class='ocrx_word' id='word_1_219' title='bbox 145 3186 193 3264; x_wconf 91' lang='lat' dir='ltr'>qui</span> <span class='ocrx_word' id='word_1_220' title='bbox 215 3196 298 3265; x_wconf 90' lang='lat' dir='ltr'>rapta</span> <span class='ocrx_word' id='word_1_221' title='bbox 322 3187 414 3247; x_wconf 87' lang='lat' dir='ltr'>secuit</span> <span class='ocrx_word' id='word_1_222' title='bbox 435 3186 573 3264; x_wconf 86' lang='lat' dir='ltr'>genitalia</span> <span class='ocrx_word' id='word_1_223' title='bbox 594 3194 670 3245; x_wconf 86' lang='lat' dir='ltr'>testa</span> 
     </span>
     <span class='ocr_line' id='line_1_36' title="bbox 31 3261 1010 3347; baseline 0.007 -26"><span class='ocrx_word' id='word_1_224' title='bbox 31 3261 231 3346; x_wconf 88' lang='lat' dir='ltr'>iampridem,</span> <span class='ocrx_word' id='word_1_225' title='bbox 257 3271 303 3329; x_wconf 91' lang='lat' dir='ltr'>cui</span> <span class='ocrx_word' id='word_1_226' title='bbox 326 3288 414 3331; x_wconf 88' lang='lat' dir='ltr'>rauca</span> <span class='ocrx_word' id='word_1_227' title='bbox 438 3270 562 3347; x_wconf 88' lang='lat' dir='ltr'>cohors,</span> <span class='ocrx_word' id='word_1_228' title='bbox 585 3271 630 3330; x_wconf 92' lang='lat' dir='ltr'>cui</span> <span class='ocrx_word' id='word_1_229' title='bbox 652 3278 787 3347; x_wconf 80' lang='lat' dir='ltr'>tympana</span> <span class='ocrx_word' id='word_1_230' title='bbox 811 3267 916 3327; x_wconf 91' lang='lat' dir='ltr'>cedunt</span> <span class='ocrx_word' id='word_1_231' title='bbox 959 3277 1010 3330; x_wconf 82' lang='lat'>515</span> 
     </span>
     <span class='ocr_line' id='line_1_37' title="bbox 31 3343 707 3431; baseline 0.01 -27"><span class='ocrx_word' id='word_1_232' title='bbox 31 3343 141 3412; x_wconf 91' lang='lat' dir='ltr'>Plebeia</span> <span class='ocrx_word' id='word_1_233' title='bbox 164 3361 194 3412; x_wconf 90' lang='lat' dir='ltr'>et</span> <span class='ocrx_word' id='word_1_234' title='bbox 215 3353 340 3431; x_wconf 77' lang='lat' dir='ltr'>Phrygia</span> <span class='ocrx_word' id='word_1_235' title='bbox 365 3356 487 3414; x_wconf 89' lang='lat' dir='ltr'>vestitur</span> <span class='ocrx_word' id='word_1_236' title='bbox 509 3354 602 3414; x_wconf 90' lang='lat' dir='ltr'>bucca</span> <span class='ocrx_word' id='word_1_237' title='bbox 626 3355 707 3414; x_wconf 93' lang='lat' dir='ltr'>tiara.</span> 
     </span>
     <span class='ocr_line' id='line_1_38' title="bbox 33 3427 884 3517; baseline 0.005 -28"><span class='ocrx_word' id='word_1_238' title='bbox 33 3427 136 3496; x_wconf 83' lang='lat' dir='ltr'>Grande</span> <span class='ocrx_word' id='word_1_239' title='bbox 157 3446 242 3498; x_wconf 89' lang='lat' dir='ltr'>sonat</span> <span class='ocrx_word' id='word_1_240' title='bbox 265 3440 412 3517; x_wconf 90' lang='lat' dir='ltr'>metuique</span> <span class='ocrx_word' id='word_1_241' title='bbox 433 3437 513 3498; x_wconf 88' lang='lat' dir='ltr'>iubet</span> <span class='ocrx_word' id='word_1_242' title='bbox 533 3437 713 3517; x_wconf 86' lang='lat' dir='ltr'>Septembris</span> <span class='ocrx_word' id='word_1_243' title='bbox 735 3445 765 3495; x_wconf 94' lang='lat' dir='ltr'>et</span> <span class='ocrx_word' id='word_1_244' title='bbox 796 3435 884 3494; x_wconf 87' lang='lat' dir='ltr'>austri</span> 
     </span>
    </p>
   </div>
   <div class='ocr_carea' id='block_1_3' title="bbox 32 3511 753 3597">
    <p class='ocr_par' dir='ltr' id='par_1_4' title="bbox 32 3511 753 3597">
     <span class='ocr_line' id='line_1_39' title="bbox 32 3511 753 3597; baseline 0.008 -23"><span class='ocrx_word' id='word_1_245' title='bbox 32 3511 201 3597; x_wconf 73' lang='lat' dir='ltr'>Adventum,</span> <span class='ocrx_word' id='word_1_246' title='bbox 225 3521 280 3584; x_wconf 85' lang='lat' dir='ltr'>nisi</span> <span class='ocrx_word' id='word_1_247' title='bbox 305 3539 338 3581; x_wconf 89' lang='lat' dir='ltr'>se</span> <span class='ocrx_word' id='word_1_248' title='bbox 363 3531 476 3582; x_wconf 88' lang='lat' dir='ltr'>eentum</span> <span class='ocrx_word' id='word_1_249' title='bbox 498 3522 665 3582; x_wconf 89' lang='lat' dir='ltr'>lustraverit</span> <span class='ocrx_word' id='word_1_250' title='bbox 689 3521 753 3580; x_wconf 88' lang='lat' dir='ltr'>ovis</span> 
     </span>
    </p>
   </div>
   <div class='ocr_carea' id='block_1_4' title="bbox 0 0 1252 4006">
    <p class='ocr_par' dir='ltr' id='par_1_5' title="bbox 0 0 1252 4006">
     <span class='ocr_line' id='line_1_40' title="bbox 0 0 1252 4006; baseline 0 0"><span class='ocrx_word' id='word_1_251' title='bbox 0 0 1252 4006; x_wconf 95' lang='lat' dir='ltr'> </span> 
     </span>
    </p>
   </div>
  </div>
 </body>
</html>
