2480 4006
9 334 36 374 ⁸⁴.
416 294 541 342 saulus
563 295 609 341 VI.

25 436 217 498 Gonvomit:
236 434 309 495 baec
333 437 408 494 inter
432 442 533 494 nautas
558 442 587 492 et
612 433 735 510 prandet
759 442 788 493 et
806 442 883 494 errat

26 523 100 584 Per
123 537 250 598 puppem
274 527 303 578 et
325 519 414 579 duros
435 518 543 595 gaudet
566 525 692 577 tractare
716 517 863 577 rudentes.

24 606 109 679 Qua
135 613 229 662 tamen
253 604 362 662 exarsit
385 603 493 676 iorma,
520 619 575 679 qua
600 609 684 679 capta
706 601 821 661 iuventa

23 684 161 768 Eppia?
184 685 251 764 quid
273 685 359 760 vidit,
384 694 508 764 propter
534 684 611 764 quod
635 684 712 744 ludia
734 684 790 744 dici

24 765 202 834 Sustinuit?
225 787 289 830 nam
313 769 466 847 Sergiolus
490 770 546 828 iam
565 767 670 828 radere
693 776 791 845 guttur
986 780 1035 832 105

26 855 193 933 Coeperat
216 861 244 913 et
267 861 350 912 secto
374 854 507 932 requiem
528 869 650 930 sperare
676 851 803 920 lacerto;

27 943 202 1000 Praeterea
225 936 312 996 multa
334 938 363 995 in
384 937 461 997 facie
486 935 643 1011 deformia,
670 936 744 994 sicut

27 1023 166 1083 Attritus
189 1019 275 1097 galea
297 1020 461 1099 mediisque
484 1019 650 1079 lunaribus
674 1020 776 1094 ingens

28 1105 156 1168 Gibbus
180 1112 209 1163 et
231 1121 299 1163 acre
323 1105 428 1164 malurn
451 1122 569 1183 semper
591 1103 725 1162 stillantis
750 1101 848 1162 ocelli.

26 1191 98 1250 Sed
130 1187 274 1265 gladiator
295 1197 373 1248 erat:
397 1188 467 1248 iacit
489 1188 546 1247 hoc
567 1187 635 1246 illos
657 1184 849 1262 Hyacinthon
985 1201 1037 1252 110

27 1275 104 1334 Hoc
132 1272 231 1350 pueris
253 1273 441 1351 patriaeque,
464 1271 521 1331 boc
543 1271 681 1349 praetulit
701 1269 751 1330 illa
775 1272 871 1330 sorori

28 1359 145 1436 Atque
163 1356 236 1414 viro.
270 1353 392 1418 Ferrum
412 1365 472 1431 est,
494 1356 571 1433 quod
591 1363 699 1416 amant:
722 1352 770 1413 hic
790 1354 911 1431 Sergius
929 1356 1005 1415 idem

29 1444 179 1517 Accepta
202 1438 273 1504 rude
296 1441 446 1518 coepisset
466 1438 591 1498 Veiento
613 1437 716 1498 videri.

80 1522 165 1597 Quid
191 1524 302 1601 privata
325 1525 445 1597 domus,
470 1522 537 1601 quid
561 1523 666 1590 iecerit
688 1519 800 1598 Eppia,
825 1519 931 1580 curas?

29 1609 175 1686 Respice
197 1607 305 1667 rivales
329 1608 473 1674 divorum;
499 1603 635 1666 Claudius
659 1604 723 1664 audi
986 1618 1036 1669 115

30 1693 125 1766 Quae
152 1689 260 1750 tulerit.
297 1689 431 1750 Dormire
455 1691 545 1749 virum
570 1708 655 1768 quum
679 1696 813 1748 senserat
835 1704 920 1764 uxor,

30 1780 169 1838 Sumere
188 1783 346 1834 nocturnos
369 1775 510 1834 meretrix
531 1773 662 1850 Augusta
685 1772 818 1832 cucullos

33 1860 121 1920 Ausa
148 1857 278 1918 Palatino
302 1867 331 1919 et
354 1867 484 1936 tegetem
507 1857 659 1935 praeferre
682 1857 769 1916 cubili

33 1941 208 2022 linquebat
230 1943 335 2001 comite
358 1941 466 2002 ancilla·
484 1958 542 1999 non
564 1939 684 2017 amplius
709 1958 780 2014 una,

34 2027 72 2087 Et
99 2028 218 2102 nigrum
241 2024 317 2084 flavo
342 2026 450 2084 crinem
472 2023 672 2084 abscondente
695 2023 797 2100 galero
987 2033 1038 2086 120

34 2109 165 2170 intravit
190 2106 314 2168 calidum
336 2109 431 2168 veteri
454 2116 578 2167 centone
601 2107 722 2184 lupanar

34 2193 74 2253 Et
99 2191 210 2253 cellam
235 2209 355 2253 uacuam
378 2201 464 2270 atque
487 2209 582 2260 suam;
607 2199 676 2250 1111
696 2191 771 2251 nuda
794 2190 910 2269 papillis

36 2276 174 2337 Prostitit
197 2277 321 2352 auratis,
345 2274 455 2336 titulum
477 2276 593 2336 mentita
615 2274 768 2352 Lyciscae,

36 2360 238 2438 Ostenditque
262 2369 355 2435 tuum,
379 2377 526 2437 generose
549 2358 730 2436 Britannice,
752 2369 899 2428 ventrem

39 2443 188 2522 {Excepit
209 2443 316 2505 blanda
337 2445 477 2504 intrantes
500 2453 586 2522 atque
610 2461 678 2504 aera
700 2445 848 2523 poposcit,
987 2455 1037 2506 115

37 2527 75 2585 Et
93 2528 235 2605 resupina
258 2530 358 2588 iacens
382 2528 535 2588 multorum
558 2527 708 2587 absorbuit
731 2529 829 2607 ictus]

38 2609 131 2685 Mox,
158 2609 264 2672 lenone
285 2629 353 2672 snas
376 2613 431 2672 iam
454 2612 613 2672 dimittente
637 2611 764 2690 puellas,

39 2693 151 2752 Tristis
174 2694 233 2754 abit
256 2704 299 2771 et,
325 2695 402 2774 quod
424 2697 531 2774 potuit,
555 2703 651 2755 tamen
666 2695 764 2755 ultima
782 2695 886 2756 cellam

42 2775 176 2853 Clausit,
200 2777 293 2839 adhuc
318 2777 423 2839 ardens
446 2779 558 2856 rigidae
582 2780 722 2855 tentigine
744 2778 860 2854 vulvae,

43 2859 94 2938 [Et
120 2859 230 2922 lassata
251 2864 320 2922 viris
343 2863 487 2923 necdum
510 2863 612 2922 satiata
633 2861 783 2940 recessit]
988 2871 1039 2925 130

43 2941 247 3024 Obscurisque
268 2947 353 3024 genis
373 2947 463 3025 turpis
486 2946 622 3024 fumoque
645 2945 784 3005 lucernae

42 3023 147 3088 Foeda
170 3028 316 3108 lupanaris
340 3030 403 3091 tulit
425 3030 461 3090 ad
483 3029 615 3108 pulvinar
637 3029 767 3088 odorem.

44 3106 247 3189 Hippomanes
272 3132 447 3194 carmenque
470 3113 574 3192 loquar
598 3122 772 3192 coctumque
793 3131 937 3174 venenum

45 3191 245 3275 Privignoque
269 3196 383 3258 datum?
410 3198 516 3258 iaciunt
538 3198 673 3275 graviora
695 3207 817 3258 coactae

44 3272 175 3354 irnperio
200 3299 287 3341 sexus
309 3283 509 3360 minimumque
534 3281 654 3342 libidine
678 3291 813 3360 peccant.
989 3291 1037 3345 135

90 3358 205 3439 Optima
227 3365 279 3425 sed
303 3383 393 3444 quare
418 3362 582 3426 Censennia
604 3374 680 3426 teste
705 3363 831 3425 marito?

47 3438 95 3501 bis
119 3453 266 3524 quingena
300 3448 393 3518 dedit;
419 3451 487 3510 tanti
505 3459 592 3510 vocat
614 3450 664 3510 ille
685 3449 828 3527 pudicam,

49 3521 111 3585 Nec
137 3528 280 3607 pharetris
301 3531 428 3593 Veneris
451 3551 550 3594 macer
571 3543 615 3593 est
638 3541 686 3592 aut
708 3532 841 3609 lampade
864 3531 973 3590 fervet:
