2480 4006
434 281 436 288 ’
518 285 552 329 D.
575 283 645 330 IUN.
668 283 854 330 IUVENALIS

526 516 760 582 SATIRA
801 517 846 582 Il.

195 631 281 730 Ultra
301 664 486 724 Sauromatas
507 663 611 738 lugere
634 663 700 722 hinc
722 663 794 723 libet
816 673 844 722 et
866 662 1021 741 glacialem

195 751 358 825 Oceanum,
381 749 494 828 quoties
518 747 626 826 aliquid
646 749 682 808 de
702 748 831 808 moribus
849 748 975 822 audent,

195 835 250 908 Qui
271 831 373 893 Curios
396 831 528 891 simulant
551 841 579 891 et
600 831 791 892 Bacchanalia
812 833 919 892 vivunt.

193 919 304 978 Indocti
328 917 462 996 primum;
486 933 656 995 quamquam
678 916 766 994 plena
787 917 881 976 omnia
903 933 999 994 gypso

195 999 382 1080 Chrysippi
374 1001 517 1068 ruteniam
539 1017 604 1059 nam
622 999 852 1078 perfectissimus
874 1000 975 1060 horum
994 1009 1056 1078 est,
1168 1017 1185 1066 5
1234 1021 1235 1044 r

195 1086 306 1165 Siquis
329 1083 510 1144 Aristotelen
539 1083 661 1143 similem
681 1084 730 1144 vel
751 1083 882 1144 Pittacon
904 1084 985 1159 emit,

194 1168 231 1228 Et
249 1168 330 1228 iubet
350 1168 527 1246 archetypos
549 1169 677 1266 pluteum
699 1186 818 1228 servare
841 1127 1006 1228 Cleanthas

194 1253 309 1312 Frontis
332 1250 409 1312 nulla
430 1251 519 1319 lides;
541 1253 605 1329 quis
627 1253 702 1311 enim
722 1269 779 1311 non
800 1253 882 1311 vicus
904 1251 1029 1311 abundat

195 1337 335 1396 Tristibus
358 1332 518 1396 obscenis?
546 1337 672 1412 castigas
693 1337 801 1413 turpia,
825 1353 911 1415 quum
933 1335 973 1394 sis
1071 1379 1074 1388 ,

193 1420 271 1481 Inter
294 1421 462 1480 Socraticos
482 1420 630 1479 notissima
652 1419 733 1480 fossa
756 1419 904 1479 cinaedos
1149 1434 1184 1484 lo

192 1504 312 1582 Hispida
333 1503 461 1564 membra
484 1503 599 1583 quidem
622 1513 651 1563 et
672 1504 761 1564 durae
781 1522 835 1582 per
856 1502 974 1564 brachia
995 1512 1077 1564 setae

193 1588 361 1647 Promittant
384 1597 513 1649 atrocem
535 1589 672 1656 animum;
696 1588 748 1647 sed
769 1587 876 1666 podice
894 1586 952 1646 levi

194 1668 369 1730 Caeduntur
378 1671 503 1730 tumidae
526 1671 641 1730 medico
664 1671 777 1730 ridente
799 1673 950 1732 mariscae.
1034 1715 1037 1722 .

193 1754 286 1813 Rarus
304 1769 400 1813 sermo
422 1753 481 1812 illis
503 1761 532 1812 et
551 1771 653 1830 magua
676 1753 765 1813 libido
787 1754 902 1812 tacendi

195 1837 288 1915 Atque
309 1836 467 1915 supercilio
489 1836 608 1896 brevior
631 1854 722 1898 coma.
754 1836 859 1896 Verius
881 1853 953 1912 ergo
1148 1851 1181 1902 15

194 1921 229 1980 Et
250 1923 340 1999 magis
363 1922 488 1998 ingenuo
510 1920 706 1989 Peribomius;
728 1921 804 1981 hunc
827 1937 884 1996 ego
906 1920 971 1979 latis

193 2005 320 2082 imputo,
341 2007 389 2083 qui
409 2006 489 2065 vultu
510 2004 640 2064 morbum
659 2006 833 2083 incessuque
853 2004 968 2064 latetur.

192 2088 300 2147 Horum
320 2089 489 2166 simplicitas
510 2088 702 2162 miserabilis,
722 2087 767 2147 his
788 2087 869 2146 furor
888 2089 952 2166 ipse

192 2170 248 2230 Dat
268 2173 395 2239 veniam;
418 2171 470 2230 sed
492 2173 627 2250 peiores,
650 2173 699 2249 qui
719 2171 787 2231 talia
808 2171 909 2232 verbis

192 2253 327 2313 Herculis
350 2254 484 2314 invadunt
507 2263 536 2312 et
559 2255 594 2314 de
616 2255 720 2314 virtute
742 2255 832 2315 locuti
1142 2269 1179 2322 uo

126 2349 128 2355 ·
194 2335 314 2396 Clunem
335 2339 452 2415 agitant.
482 2337 547 2414 Ego
569 2347 599 2396 te
622 2347 791 2413 cenantem,
816 2339 923 2417 Sexte,
945 2335 1091 2400 verebor?

191 2420 307 2480 lniamis
328 2420 456 2481 Varillus
478 2423 530 2489 ait;
555 2438 612 2499 quo
635 2421 764 2482 deterior
786 2420 838 2482 tei

191 2504 365 2582 loripedem
386 2514 484 2564 rectus
507 2505 655 2582 derideat,
678 2505 853 2586 Aethiopem
874 2507 971 2568 albus:

193 2587 264 2660 Quis
286 2587 385 2648 tulerit
405 2587 554 2649 Gracchos
577 2590 614 2649 de
637 2590 779 2651 seditione
804 2586 983 2670 quarentes?

192 2671 263 2744 Quis
287 2671 401 2731 coelum
420 2673 505 2732 terris
526 2690 584 2732 non
603 2674 724 2734 misceat
745 2684 774 2734 et
795 2694 874 2736 mare
897 2673 999 2749 coelo,
1143 2685 1176 2738 tt

192 2756 223 2812 Si
244 2755 290 2814 fur
307 2755 462 2833 displiceat
481 2756 582 2832 Verri,
606 2757 749 2820 homicida
770 2758 885 2833 Miloni,

193 2836 312 2898 Clodius
336 2849 454 2899 accuset
476 2841 635 2917 moechos,
659 2839 781 2902 Catilina
804 2838 982 2917 Cethegum,

192 2922 223 2981 ln
244 2922 370 2983 tabulam
391 2923 490 2985 Sullae
512 2927 536 2984 si
559 2925 654 2986 dicant
674 2925 806 3004 discipuli
830 2920 911 2984 tres?

192 3005 293 3077 Qualis
315 3016 377 3066 erat
399 3026 491 3106 nuper
513 3011 625 3087 tragico
648 3010 775 3088 pollutus
797 3008 910 3069 adulter

193 3086 369 3166 Concubitu,
393 3093 440 3169 qui
461 3101 529 3152 tunc
550 3093 635 3170 leges
658 3092 816 3154 revocabat
837 3110 948 3152 amaras
1142 3102 1174 3155 tto

192 3171 329 3233 Omnibus
353 3184 438 3253 atque
461 3177 532 3253 ipsis
553 3175 663 3236 Veneri
682 3175 824 3259 blartique
846 3176 1005 3250 timendas,

192 3255 284 3330 Quum
303 3267 346 3317 tot
368 3259 506 3320 abortivis
525 3260 677 3320 fecundam
697 3259 769 3320 lulia
790 3260 903 3319 vulvam

191 3341 330 3401 Solveret
349 3351 378 3402 et
400 3352 502 3422 patruo
524 3343 634 3402 slmiles
655 3343 817 3403 effunderet
839 3341 921 3402 offas.

190 3423 293 3485 Nonne
315 3427 431 3504 igitur
421 3446 484 3486 rure
506 3445 541 3486 ac
562 3427 666 3486 merito
687 3427 756 3485 vitia
778 3425 874 3485 ultima
897 3425 981 3484 fictos

192 3507 382 3570 Contemnunt
403 3513 529 3571 Scauros
552 3518 581 3568 et
601 3509 742 3585 castigata
758 3505 946 3569 remordent?
1141 3519 1173 3571 ss

1220 117 1235 381 l

1172 517 1174 523 ·
1226 468 1230 662 t
