2480 4006
1205 67 1234 216 l

211 247 298 296 xxm
597 242 803 290 enarrarre.
1198 271 1199 275 ,
1232 225 1234 318 1

1233 329 1234 354 r

211 388 380 444 munditiarum
395 387 490 442 illarum
500 386 592 440 fruetus
602 386 736 456 perueniat,
752 391 893 457 tantumque
903 385 971 442 abest
982 394 1010 442 ut
1020 386 1106 442 borum
1117 399 1182 441 men·

210 474 245 527 tio
262 472 366 542 priorem
381 472 463 526 locum
477 469 585 541 flagitet,
601 475 628 524 ut
645 469 691 524 nisi
709 470 854 540 antegressis
869 469 991 534 sordibus,
1010 484 1057 542 quo
1067 469 1182 524 1111111111

209 561 316 626 spectet,
333 556 430 610 omnino
448 570 495 610 non
514 553 641 625 intelligas.
656 581 693 592 -
711 551 738 608 V.
752 557 802 610 585
820 553 917 624 optione
932 553 988 608 data
1004 551 1182 608 utrumdodme
1233 539 1234 614 l

210 638 335 694 Pithoeani
351 639 376 693 in
392 637 458 694 dabit
474 653 504 691 an
516 637 573 692 inde
588 635 698 691 inludere
708 642 839 702 mutuem,
858 650 912 690 eum
924 636 1043 708 plerisque
1053 635 1183 690 editoribus
1225 619 1234 692 1

210 724 368 792 posteriorem
384 723 501 776 rationem
517 719 579 774 hanc
588 720 693 774 maxime
703 719 734 774 ob
745 733 841 772 eausam
852 719 966 788 praetuli,
983 721 1038 791 quia
1048 719 1185 790 astrologus

209 821 306 877 queque
316 805 403 875 aliquid
414 803 512 874 epitheti
522 803 633 872 postulat,
646 803 710 873 quod
719 802 856 872 ipsiuscum
866 802 978 857 divitibus
985 801 1185 858 necessitudinem

209 889 323 944 declaret.
355 886 463 950 lahnius,
475 886 538 955 apud
553 881 625 956 r'puem
640 884 723 957 Plepx
739 901 817 956 orrpur
832 891 854 940 et
871 885 927 941 inde
944 887 1071 956 medaeas
1086 885 1184 956 legitur,

209 976 328 1026 astrorum
337 971 464 1042 numdiqree
469 969 547 1040 petto
558 968 720 1038 promiscuum
729 974 824 1023 tantum
835 977 960 1040 quaestum
971 970 1080 1042 reliquit:
1092 976 1117 1024 at
1127 968 1186 1023 mihi

209 1053 365 1122 huncpotins
377 1053 489 1123 opulenta
499 1052 584 1107 mulier
594 1058 659 1106 certa
676 1053 773 1107 merede
788 1052 834 1106 sibi
851 1053 982 1125 adiungere
991 1053 1098 1117 videtur,
1111 1067 1186 1122 quum
1233 1047 1234 1120 l

209 1136 313 1208 Phrygis
323 1142 348 1190 et
358 1135 411 1190 Indi
422 1135 620 1190 consultationem
634 1136 682 1190 iam
698 1135 856 1208 peregrinitas
873 1144 898 1190 et
908 1143 999 1192 remota
1010 1137 1085 1206 patria
1095 1137 1185 1205 pretio·
1233 1121 1234 1142 ¹

209 1221 298 1275 sicrem
309 1219 387 1275 saciat.
407 1249 450 1258 -
466 1219 495 1271 V.
507 1223 558 1276 589
575 1219 720 1288 praeclaram
730 1219 844 1290 Madvigii
861 1221 1022 1274 coniecturam
1034 1236 1125 1276 1111111111
1140 1234 1185 1289 pro

209 1319 294 1358 cenem
305 1302 421 1357 asciscere
431 1317 479 1356 non
490 1302 610 1366 dubitavi,
628 1303 667 1356 cui
682 1315 819 1374 repugnans
831 1301 960 1357 Tcuffelius
978 1303 1002 1357 in
1014 1303 1080 1357 labn.
1099 1302 1185 1356 huual.

210 1387 237 1442 T.
248 1384 329 1450 llhlll,
346 1401 371 1456 p.
384 1390 495 1444 menon
512 1385 676 1440 animadvertit
686 1386 757 1440 etiam
772 1385 846 1440 1111111
861 1385 913 1440 sola
923 1383 1034 1440 Salmasii
1045 1392 1070 1440 et
1080 1385 1186 1440 lureneii

207 1470 347 1524 coniectura
357 1469 414 1533 niti;
431 1470 482 1539 ipse
492 1483 548 1523 vero
560 1483 618 1523 mox
633 1484 656 1522 v.
668 1471 720 1528 603
735 1468 844 1540 decerpto
860 1483 904 1538 pro
923 1469 1019 1540 derepto
1036 1469 1187 1538 periclitatus

209 1568 277 1618 sum,
295 1568 342 1624 quo
354 1553 417 1607 lacto
429 1553 500 1606 etiam
511 1552 604 1607 facilius
614 1559 683 1626 etque
692 1567 735 1623 pro
748 1568 819 1622 saepe
828 1552 925 1606 retineri
940 1558 1041 1621 poterat.
1072 1550 1134 1606 Nam
1144 1553 1187 1622 qui

209 1637 304 1706 decepto
320 1637 392 1706 legit,
409 1651 495 1690 nouam
514 1635 613 1706 prlerrdt'
622 1637 744 1690 notionem
755 1635 827 1689 etiam
837 1635 941 1690 adverbii
955 1635 1106 1690 iterationem
1115 1635 1187 1706 flagi·

208 1726 260 1772 tare
269 1724 351 1788 putet;
365 1725 389 1772 at
398 1719 559 1788 supponendis
570 1719 650 1787 pueris
660 1725 715 1773 rota
726 1733 774 1772 non
784 1718 856 1773 medo
868 1733 916 1772 non
922 1719 1080 1789 decipiuntur,
1087 1719 1129 1772 sed
1141 1719 1186 1772 im·
1233 1731 1234 1734 ’

209 1801 304 1872 plentur
314 1807 339 1856 et
348 1801 435 1872 gaudia
446 1801 552 1872 quamvis
560 1801 625 1855 irrita
637 1807 760 1863 creantur;
771 1800 884 1855 substitui
894 1801 982 1872 igitur,
1002 1817 1050 1872 quo
1061 1802 1129 1870 pueri
1140 1801 1187 1871 ipsi
1233 1811 1234 1866 1

210 1890 302 1942 munt
317 1884 383 1939 Pers.
394 1885 423 1940 ll.
443 1889 477 1942 55
494 1899 552 1956 apes
565 1901 645 1939 moero
655 1890 783 1944 vocentur.
802 1899 848 1938 nec
865 1883 948 1939 dubito
961 1885 1018 1956 quin
1036 1884 1187 1954 suppositieir
1233 1889 1234 1912 ³

212 1968 305 2040 decerpi
314 1968 347 2023 od
357 1985 456 2040 spurcos
465 1969 530 2023 locro
541 1969 626 2024 eodem
637 1968 689 2023 iure
698 1968 801 2038 possint,
819 1983 866 2038 quo
877 1981 949 2037 supra
960 1983 984 2022 v.
995 1971 1029 2026 62
1041 1967 1145 2021 feminae
1156 1982 1185 2022 er
1233 2003 1234 2030 1

211 2052 342 2122 porticibus
354 2053 465 2106 cuneisve
475 2051 570 2122 excerpi
580 2051 726 2106 dicebantur.
847 2115 852 2120 ,
1233 2045 1234 2068 ;

295 2133 396 2188 hiblll.
408 2133 458 2188 Sat.
466 2133 517 2188 Vll.
527 2150 550 2188 v.
563 2137 603 2190 14.
617 2139 649 2190 15
661 2134 691 2188 ad
701 2149 754 2188 eam
764 2135 866 2189 iormam
876 2133 967 2204 redegi,
980 2148 1051 2204 quam
1061 2134 1091 2188 de
1102 2132 1184 2189 Godic

210 2217 291 2271 iuven.
311 2231 335 2285 p.
349 2219 382 2273 19
399 2217 528 2286 proposui,
547 2215 682 2288 utlls'tlrpm'
698 2216 820 2271 etAsioor'
835 2217 903 2271 locos
919 2223 1082 2286 permutarent
1093 2223 1117 2271 et
1131 2224 1184 2272 ants

208 2315 348 2373 quaequae
363 2312 458 2354 comam
474 2299 610 2366 tolleretur,
628 2299 828 2370 quemadmodum
838 2299 878 2352 vt.
892 2300 942 2357 198
958 2299 1030 2354 simili
1040 2301 1066 2355 in
1077 2307 1184 2355 constm

210 2383 291 2438 ctione
301 2381 351 2436 [ieri
361 2382 484 2446 uidemus3
495 2381 544 2436 hoc
554 2387 634 2436 autem
645 2383 709 2436 laeto
725 2397 755 2436 ne
771 2398 794 2438 r.
808 2386 841 2440 15
852 2396 874 2438 c.
882 2381 1001 2454 Pinzgero
1013 2390 1038 2438 et
1048 2383 1185 2439 Heinrichio

209 2473 307 2535 propter
324 2464 509 2520 enumerationis
524 2465 671 2520 nimietatem
689 2465 841 2529 damnemus,
860 2465 996 2536 prohibebit
1010 2466 1061 2522 liV.
1074 2472 1132 2535 125,
1143 2465 1186 2522 ubi

213 2564 261 2603 non
278 2549 356 2604 minor
365 2547 490 2603 nationum
503 2563 617 2603 numerus
626 2549 716 2620 insigni
731 2564 788 2604 enm
805 2549 982 2606 vicumulatur.
996 2577 1032 2589 -
1045 2550 1074 2604 V.
1085 2554 1121 2608 23
1134 2567 1185 2605 ero

209 2649 264 2686 ecoe
324 2630 469 2687 1111111111
481 2631 664 2687 invitisPithoeo
681 2640 707 2686 et
716 2633 798 2688 labnio
812 2634 929 2698 revocari,
941 2635 996 2705 quia
1007 2633 1145 2688 membrana
1155 2623 1186 2687 ad
1233 2641 1234 2706 l

209 2715 337 2780 tabellam,
352 2731 401 2770 non
417 2715 477 2770 haee
494 2716 524 2771 ad
540 2716 605 2770 illam
622 2717 724 2786 pertinet
741 2717 833 2788 ipsique
844 2717 939 2772 ablativi
949 2733 1031 2772 crocea
1094 2715 1183 2780 tudelle,
1233 2755 1234 2784 2

212 2814 272 2870 ques
283 2797 345 2856 Pith.
357 2798 466 2866 exhibet,
485 2800 594 2870 antiquae
605 2799 740 2854 confusioni
752 2800 870 2872 originem
884 2799 971 2856 debere
980 2801 1103 2864 ridentur,
1117 2800 1186 2854 cuius
1233 2839 1234 2850 ,

208 2880 292 2938 Sobel.
303 2883 375 2938 lectio
387 2899 468 2938 morea
479 2924 486 2938 .
496 2924 517 2939 ..
533 2881 630 2938 tabellae
649 2883 751 2954 vestigia
769 2883 864 2952 prodit,
880 2897 1024 2954 quamquam
1038 2883 1086 2938 iam
1101 2883 1187 2952 optimi

209 2966 301 3020 codicis
311 2967 416 3021 secunda
426 2981 511 3020 manus
524 2982 618 3020 merere
628 2967 770 3038 corrigendo
778 2967 870 3020 inviam
881 2965 959 3021 rediit.
970 2993 1006 3004 —
1019 2965 1047 3021 V.
1053 2969 1087 3024 39
1097 2971 1123 3019 tu
1132 2981 1188 3021 mea

209 3047 303 3102 medela
321 3056 372 3114 est,
391 3065 438 3120 qna
454 3049 538 3104 melior
554 3050 635 3104 sensui
646 3049 724 3104 afferri
734 3050 774 3104 vix
787 3049 879 3118 potuit:
896 3048 927 3104 de
935 3063 996 3103 uoce
1008 3049 1056 3102 iam
1065 3047 1188 3104 veteribus

209 3145 259 3186 non
269 3131 406 3186 constitisse
416 3132 531 3187 librorum
542 3132 668 3187 varietates
686 3132 815 3187 ostendunt
825 3138 863 3196 ot,
874 3138 928 3198 oret,
941 3148 981 3196 oc,
995 3145 1056 3202 quae
1064 3132 1187 3202 quemme

210 3229 242 3268 ex
258 3213 360 3284 simplici
370 3213 494 3270 Pithoeani
510 3222 533 3270 et
548 3215 604 3270 oriri
619 3217 754 3284 potuerint,
772 3215 991 3286 aegreintelligas3
1009 3221 1050 3269 eset
1061 3220 1085 3269 et
1095 3221 1187 3270 tuvero

209 3298 282 3353 etiam
288 3297 350 3354 Vlll.
357 3301 408 3355 229
414 3300 513 3354 confusa
523 3313 576 3354 esse
586 3299 703 3354 ridentur.
715 3298 793 3354 Neev.
800 3302 835 3356 48
842 3299 913 3353 unius
923 3299 1005 3354 literae
1015 3313 1103 3363 rasura,
1115 3314 1188 3370 pram

210 3397 241 3437 ex
250 3381 312 3436 Pith.
323 3381 419 3437 Iahnius
429 3383 548 3448 enotavit,
561 3382 585 3437 id
597 3383 660 3452 apud
668 3398 708 3437 me
718 3383 812 3453 pondus
821 3381 917 3447 habuit,
929 3389 957 3438 ut
967 3382 1089 3456 emorque
1098 3381 1188 3437 rectius

210 3479 281 3538 quarn
294 3481 350 3521 eum
360 3466 456 3538 reliquis
468 3467 579 3523 omnibus
588 3467 697 3541 terraique
706 3467 757 3538 legi
767 3467 896 3535 crederem,
908 3467 998 3522 nedum
1008 3482 1030 3520 a.
1039 3466 1109 3524 sonu
1120 3481 1188 3521 oom-

210 3563 277 3606 mum
294 3549 405 3606 omnibns
419 3549 537 3608 madidari
551 3551 582 3608 ad
599 3550 745 3607 1111111111
762 3551 862 3606 tramire
879 3565 951 3606 ausus
967 3551 1028 3618 sim,
1044 3564 1188 3622 quamquam
