2460 4004
344 345 347 350 Ι
393 278 517 326 serina
540 279 616 326 v111.

36 421 226 500 Incertaeque
249 419 308 494 rei,
334 417 463 478 Phalaris
486 418 556 477 licet
578 419 701 497 imperet
726 427 755 478 ut
778 419 817 477 sis

36 505 137 564 Falsus
160 513 188 563 et
212 503 327 563 admoto
356 501 446 560 dictet
469 503 595 580 periuria
620 512 714 578 tauro,

37 591 178 647 Summum
206 587 296 647 crede
322 583 406 645 nelas
429 587 548 644 animam
575 586 727 662 praeferre
752 584 856 663 pudori

36 672 71 730 Et
95 680 218 750 propter
242 672 330 730 vitam
351 669 467 728 vivendi
489 668 616 747 perdere
640 671 752 729 causas.

35 755 145 833 Dignus
165 764 258 815 morte
282 755 374 832 perit,
398 761 503 812 coenet
526 752 596 812 licet
618 763 716 813 ostrea
740 761 853 812 centum
984 761 1019 815 85

36 839 165 898 Gaurana
192 847 221 897 et
249 835 348 898 Gosmi
370 845 432 896 toto
457 846 605 912 mergatur
627 855 711 897 aeno.
835 850 838 854 ’

34 922 212 1001 Exspectata
239 922 287 982 diu
310 921 424 981 tandem
449 922 599 999 provincia
621 940 707 1000 quum
729 931 758 980 te

34 1007 192 1066 Rectorem
217 1007 359 1084 accipiet,
382 1021 459 1083 pone
479 1006 540 1065 irae
565 1005 646 1065 frena
670 1005 855 1083 modumque,

33 1091 111 1150 Pone
138 1099 168 1148 et
191 1091 344 1164 avaritiae,
368 1089 510 1148 miserere
532 1090 648 1167 inopum
672 1090 838 1148 sociorum:

34 1173 107 1234 Ossa
126 1173 210 1234 vides
233 1191 330 1234 rerum
354 1173 455 1232 vacuis
477 1181 598 1234 exsucta
620 1173 765 1233 medullis.
814 1197 818 1204 ·
985 1179 1019 1232 90

33 1257 179 1336 Respice,
205 1257 273 1336 quid
296 1265 430 1316 moneant
452 1255 552 1333 leges,
576 1257 645 1334 quid
668 1258 747 1316 ouria
768 1254 894 1330 mandet,

33 1340 164 1400 Praemia
188 1349 292 1420 quanta
316 1341 410 1400 bonos
433 1349 583 1416 maneant,
608 1359 692 1418 quam
712 1339 829 1400 fulmine
852 1340 928 1398 iusto

33 1423 67 1484 Et
91 1423 198 1503 (lapito
226 1434 255 1484 et
278 1423 409 1484 Numitor
431 1425 556 1499 ruerint,
582 1424 733 1486 damnante
756 1431 868 1498 senatu,

33 1509 147 1569 Piratae
176 1506 308 1568 Cilicum.
349 1508 409 1567 Sed
431 1507 499 1585 quid
524 1507 666 1566 damnatio
692 1503 827 1566 confert?

33 1592 229 1666 Praeconem,
252 1590 437 1670 (lhaerippe,
462 1591 517 1650 tuis
539 1591 732 1668 circumspice
756 1591 868 1668 pannis,
988 1591 1022 1644 95

33 1675 126 1746 Quum
151 1675 243 1735 Pansa
266 1677 386 1753 eripiat,
414 1674 551 1752 quidquid
575 1673 627 1733 tibi
649 1673 734 1734 Natta
756 1673 884 1752 reliquit,

32 1759 150 1837 lamque
176 1768 256 1826 tace;
279 1760 360 1819 furor
384 1767 429 1818 est
452 1767 519 1837 post
543 1759 637 1817 omnia
661 1759 787 1837 perdere
813 1757 937 1818 naulum.

33 1842 96 1901 Non
120 1843 196 1901 idern
217 1844 341 1920 gemitus
366 1843 434 1903 olim
458 1861 554 1920 neque
577 1843 680 1901 vulnus
707 1851 769 1902 erat
791 1859 844 1918 par

33 1925 229 2000 Damnorum‚
255 1928 344 1985 sociis
367 1925 538 1985 florentibus
560 1933 588 1983 et
611 1926 697 1984 modo
721 1925 815 1983 victis.

34 2009 121 2068 Plena
150 2001 251 2066 do‘mus
274 2018 341 2066 tunc
362 2010 469 2082 omnis,
493 2009 647 2084 elingens
669 2007 763 2066 stabat
785 2023 907 2066 acervus
973 2016 1022 2067 100

32 2092 236 2165 Nummorum,
263 2092 403 2169 Spartana
427 2090 572 2167 chlamys,
600 2091 752 2166 conchylia
775 2087 846 2166 (loa,

33 2175 67 2234 Et
93 2193 158 2235 cunr
185 2173 328 2234 Parrhasii
350 2175 456 2235 tabulis
481 2176 630 2253 signisque
654 2174 805 2251 Myronis·

33 2258 200 2319 Phidiacum
222 2259 340 2318 vivebat
362 2259 452 2334 ebur,
483 2277 538 2318 nec
561 2277 618 2319 non
640 2259 773 2336 Polycliti

34 2341 139 2402 llultus
165 2342 272 2420 ubique
297 2342 395 2408 labor:
421 2361 504 2402 rarae
527 2345 589 2404 sine
610 2343 743 2404 lllentore
766 2361 893 2404 mensae.

34 2424 103 2485 lnde
130 2425 305 2486 Dolabellae
328 2436 415 2505 atque
439 2425 505 2486 hinc
528 2427 686 2505 Antonius,
711 2428 777 2488 inde
971 2437 1020 2487 105

35 2509 204 2586 Sacrilegus
228 2509 340 2569 Verres
362 2510 531 2571 referebant
557 2513 677 2573 navibus
700 2513 765 2572 altis

35 2589 157 2652 Occulta
179 2595 272 2670 spolia
296 2604 325 2652 et
347 2594 446 2672 plures
469 2595 505 2655 de
529 2613 603 2674 pace
625 2595 794 2673 triumphos.

35 2674 118 2735 Nunc
139 2679 227 2736 sociis
252 2679 318 2755 iuga
344 2695 434 2755 pauca
457 2678 562 2756 boum,
588 2699 662 2758 grex
686 2697 792 2757 parvus
816 2696 952 2756 equarum

36 2757 71 2817 Et
94 2768 179 2837 pater
204 2763 323 2821 armenti
347 2771 431 2840 capto
454 2764 592 2840 eripiatur
618 2763 728 2839 agello,

37 2841 93 2918 lpsi
120 2843 225 2904 deinde
247 2843 353 2920 Lares,
378 2847 401 2904 si
425 2847 502 2922 quod
526 2846 690 2923 spectabile
713 2847 835 2920 signum,
971 2853 1021 2904 110

38 2927 65 2983 Si
94 2928 159 3005 quis
184 2929 212 2986 iu
235 2929 366 2988 aedicula
390 2929 462 2988 deus
485 2930 599 2996 unicus:
626 2929 699 2987 haee
724 2928 829 2986 etenim
853 2935 916 2985 sunt

37 3008 90 3068 Pro
118 3012 252 3085 summis,
275 3031 338 3071 nam
362 3022 427 3071 sunt
452 3012 525 3071 haec
549 3013 680 3071 maxima.
718 3009 873 3087 Despicias
897 3019 926 3069 tu

38 3090 168 3152 Forsitan
191 3093 325 3155 imbelles
347 3095 477 3155 Rhodios
500 3105 671 3174 unctamque
695 3091 871 3153 Corinthon:

39 3174 192 3255 Despicias
220 3183 339 3247 merito;
365 3181 433 3258 quid
455 3181 581 3240 resinata
602 3181 733 3238 iuventus

39 3255 187 3338 Cruraque
213 3263 299 3322 totius
321 3263 428 3322 facient
449 3263 500 3323 tibi
525 3264 601 3324 levia
623 3259 740 3340 gentis?
971 3273 1021 3326 llo

40 3340 160 3403 Horrida
184 3347 298 3406 vitanda
320 3355 364 3406 est
386 3346 540 3428 Hispania,
570 3347 696 3408 Gallicus
718 3347 779 3407 axis

40 3423 243 3506 Illyricumque
267 3430 354 3496 latus;
379 3449 468 3510 parce
491 3441 520 3491 et
542 3431 720 3492 messoribus
743 3430 812 3498 illis,

40 3506 94 3579 Qui
116 3519 244 3571 saturant
266 3513 367 3572 urbem
393 3516 472 3574 circo
497 3533 663 3596 scenaeque
686 3525 846 3576 vacantem.
