2460 4004
389 275 514 324 suumn
534 277 612 324 xrrr.
960 263 1000 326 89

35 417 171 477 Occultum
194 415 340 494 quatiente
363 416 456 475 animo
475 424 591 476 tortore
615 413 784 492 dageilumi
949 427 1000 482 195

32 501 116 561 Poena
137 509 232 560 autem
253 497 410 559 vehemens
431 518 466 560 ac
493 499 582 558 multo
606 500 723 558 saevior
746 499 816 573 illis,

32 583 100 657 Quas
122 593 150 644 et
170 581 322 646 Caedicius
345 583 442 660 gravis
468 583 576 642 invenit
598 591 628 642 et
648 580 890 659 Rhadamanthus,

29 667 115 728 Nocte
137 667 243 746 dieque
264 684 346 726 suum
365 675 484 744 gestare
505 667 532 724 in
554 674 676 744 pectora
697 673 812 726 testem.

29 753 163 830 Spartano
186 751 297 812 cuidam
322 749 474 828 respondit
493 748 594 824 Pythia
616 758 710 825 vates,

27 834 99 896 Haud
122 835 286 914 impunitum
308 833 452 913 quondam
469 832 549 908 iore,
573 833 651 912 quod
673 832 817 893 dubitaret
948 843 1000 896 200

24 917 190 997 depositum
212 919 339 976 retinere
362 926 392 976 et
413 916 543 977 iraudem
564 919 627 977 iure
652 919 727 977 tueri

23 1000 155 1071 iurandm
177 999 336 1079 quaerebat
359 1001 449 1075 enim,
474 1017 549 1079 quae
570 1002 691 1061 numinis
714 1008 795 1061 esset

22 1083 117 1160 diens,
143 1093 172 1144 et
194 1102 230 1144 an
248 1083 306 1143 hoc
326 1082 369 1143 illi
392 1083 504 1144 facinus
525 1084 662 1146 suaderet
683 1081 815 1163 Apollo?

22 1167 154 1229 Reddidit
177 1185 248 1246 ergo
270 1175 363 1243 metu,
391 1184 449 1228 non
471 1167 612 1238 moribus;
636 1177 781 1229 ettamen
803 1183 914 1228 omnem

22 1251 129 1313 Vocem
151 1253 229 1328 adyti
251 1251 365 1329 dignam
386 1250 496 1330 templo
518 1270 675 1332 veramque
697 1250 843 1332 probavit,
948 1262 999 1315 205

21 1333 185 1396 [instinctus
207 1345 268 1397 tota
291 1337 400 1415 pariter
417 1354 481 1398 cum
503 1336 588 1416 prole
610 1337 755 1415 domoque

20 1415 49 1477 dr
72 1421 207 1500 quamvis
229 1420 317 1497 longa
339 1420 472 1481 deductis
496 1429 585 1498 gente
609 1420 788 1498 propinquis.

20 1499 68 1561 das
89 1505 200 1581 patitur
223 1521 335 1582 poenas
357 1502 501 1582 peccandi
523 1503 588 1562 sola
610 1502 760 1568 voluntas;

19 1581 84 1645 dam
109 1587 209 1647 scelus
232 1589 306 1646 intra
328 1604 362 1646 sc
386 1587 503 1646 tacitum
525 1586 574 1664 qui
594 1586 704 1662 cogitat
726 1583 825 1659 ullum,

19 1665 94 1729 iacti
120 1672 229 1730 crimen
250 1668 355 1728 habet:
383 1669 474 1744 cedo,
497 1668 522 1726 si
545 1676 648 1729 conata
670 1667 800 1745 peregit!
948 1677 1000 1730 210

18 1749 161 1832 ierpetua
180 1754 311 1814 anxietas
333 1771 389 1813 nec
410 1769 528 1812 mensae
549 1761 680 1830 tempore
702 1759 809 1826 cessat,

18 1831 161 1896 iaucibus
183 1846 215 1896 ut
235 1835 337 1896 morbo
359 1837 446 1896 siccis
471 1836 603 1914 interque
626 1835 753 1897 molares

17 1915 136 1992 ttfflcili
159 1928 313 1977 crescente
334 1918 416 1984 cibo:
439 1918 539 1976 Setina
559 1918 690 1977 misellus

24 2001 157 2079 xspuit,
180 2000 288 2058 Albani
311 2000 420 2058 veteris
439 2000 569 2075 pretiosa
591 2008 728 2058 senectus

24 2083 176 2161 isplicet;
199 2080 338 2141 ostendas
358 2081 479 2156 melius,
501 2080 670 2140 densissima
690 2099 761 2158 ruga
948 2093 999 2144 215

26 2167 140 2244 ogitur
162 2166 190 2223 in
211 2163 351 2238 frontem,
374 2163 455 2224 velut
476 2165 536 2224 acri
559 2163 645 2224 ducta
665 2163 800 2224 Falerno.

17 2247 105 2310 iocte
134 2245 253 2306 brevem
276 2249 299 2306 si
322 2247 398 2307 iorte
419 2247 537 2307 indulsit
561 2265 630 2308 cura
652 2263 791 2327 soporem

17 2331 39 2394 it
65 2340 140 2392 toto
162 2338 278 2390 versata
300 2339 366 2389 toro
387 2332 442 2390 iam
466 2330 593 2391 membra
617 2333 778 2411 quiescunt,

17 2413 161 2476 dontinuo
183 2413 321 2492 templum
343 2423 372 2473 et
393 2414 493 2474 violati
515 2416 635 2474 numinis
657 2430 721 2476 aras

17 2497 58 2576 dt,
89 2495 175 2577 quod
198 2498 365 2575 praecipuis
390 2507 514 2558 ruentem
535 2497 688 2560 sudoribus
709 2509 803 2578 urget,
948 2511 999 2564 220

17 2579 48 2642 ia
74 2581 216 2642 videtin
239 2583 362 2648 somnis;
386 2591 434 2642 tua
455 2600 539 2642 sacra
563 2591 593 2642 et
615 2586 706 2643 maior
727 2585 822 2662 imago

17 2665 142 2726 flumana
165 2663 262 2724 turbat
283 2664 416 2742 pavidum
439 2667 577 2744 cogitque
599 2666 693 2726 fateri.

17 2747 42 2808 di
64 2756 154 2823 aunt,
180 2748 230 2826 qui
251 2746 397 2826 trepidant
417 2747 501 2808 etad
523 2750 616 2808 omnia
637 2749 750 2826 fulgura
774 2749 894 2828 pallent,

17 2831 103 2902 Quum
129 2839 228 2907 tonat,
254 2831 402 2894 exanimes
426 2832 518 2908 primo
541 2849 656 2910 quoque
676 2850 819 2894 murmure
843 2833 936 2902 coelic

17 2911 73 2974 Non
96 2915 187 2996 quasi
212 2914 348 2974 fortuitus
368 2931 424 2973 nce
445 2923 596 2974 ventorum
617 2915 716 2992 rabie,
743 2916 795 2977 sed
947 2929 998 2980 225

17 2994 101 3057 iratus
127 2997 216 3058 eadat
237 2999 266 3056 in
289 3006 384 3058 terras
406 3006 435 3057 et
456 2998 563 3058 iudicet
585 2997 670 3076 ignis.

17 3076 63 3141 Illa
84 3081 160 3141 nihil
182 3083 296 3141 nocuit:
320 3098 387 3142 cura
410 3083 546 3159 grarime
570 3083 685 3142 timetur

19 3161 148 3225 Proxima
171 3173 347 3243 tempestas,
372 3165 453 3225 velut
474 3165 531 3226 lucc
551 3166 638 3227 dilata
662 3184 778 3227 sereno.

19 3243 173 3308 Praeterea
196 3248 297 3308 lateris
320 3247 401 3326 vigili
424 3266 488 3308 cum
510 3249 595 3310 iebrc
618 3249 750 3310 dolorem

22 3327 47 3387 Si
68 3349 198 3411 coepere
221 3333 297 3410 pati,
321 3334 438 3392 missum
460 3332 496 3394 ad
517 3352 569 3394 sua
592 3351 716 3413 corpora
735 3334 866 3396 morbum
944 3343 996 3398 230

22 3409 123 3474 infesto
147 3415 269 3476 credunt
291 3434 307 3476 a
329 3417 459 3485 numine;
483 3435 552 3477 saxa
574 3419 692 3478 deorum

23 3491 94 3557 ilaec
116 3497 228 3558 atteia
250 3507 358 3577 putant.
392 3499 535 3560 Pecudem
558 3500 702 3580 spondere
724 3500 837 3564 sacello
