2480 4006
199 262 219 324 8
525 273 560 318 D.
582 272 652 320 mu.
676 272 861 322 iuvencus

203 411 363 475 llontannm
382 410 485 488 positis
506 409 619 469 audiret
642 408 746 487 vulgus
768 411 880 470 aratris.

201 494 276 568 Quid
297 511 355 554 non
378 493 562 572 proclames,
585 495 614 552 in
635 511 761 571 corpore
786 493 887 554 iudicis
910 495 965 555 ista

201 580 232 638 Si
251 573 375 638 videas?
397 593 507 656 quaero
528 595 564 636 au
586 577 710 637 deceant
730 577 856 637 multicia
879 574 1004 638 testem?

201 662 281 722 Acer
304 670 332 722 et
354 661 508 720 indomitus
530 658 731 739 libertatisque
754 661 909 738 magister,

202 742 337 822 Cretica,
355 743 508 822 perluces!
530 742 618 803 Dedit
638 743 712 804 hano
735 745 869 821 contagio
892 744 987 804 labem

201 827 238 889 m
259 827 337 890 dabit
357 830 386 887 in
408 826 524 906 plures:
552 827 625 887 siout
644 845 719 904 grex
740 836 817 886 totus
838 828 866 886 in
885 829 963 905 agris

201 912 291 973 Unius
311 911 411 972 scabie
434 909 510 970 cadit
533 919 562 970 et
584 911 733 989 porrigine
756 912 854 989 porci,

199 995 321 1074 Uvaque
345 1002 503 1073 conspecta
526 993 648 1053 livorem
670 994 747 1053 ducit
769 993 805 1053 ab
827 1013 892 1054 uva.

199 1078 327 1140 Foedius
350 1078 407 1138 boo
429 1076 537 1155 aliquid
560 1077 732 1156 quandoque
756 1077 878 1138 audebis
899 1078 1020 1139 amictu:

200 1161 294 1223 Nemo
316 1169 439 1240 repente
462 1160 514 1220 iuit
535 1161 732 1239 turpissimum
755 1162 899 1239 accipient
921 1171 950 1220 te

201 1245 354 1322 Paulatim,
375 1245 423 1325 qui
447 1244 533 1322 longa
555 1245 631 1304 domi
652 1244 820 1305 redimicula
842 1254 953 1304 sumunt

200 1329 355 1390 Frontibus
378 1337 407 1388 et
429 1336 490 1387 toto
516 1344 644 1407 posuere
665 1328 781 1388 monilia
804 1328 899 1404 oollo,

203 1412 298 1492 Atque
318 1412 426 1473 Bonam
447 1420 567 1471 tenerae
591 1412 707 1490 placant
729 1412 883 1472 abdomine
905 1429 1014 1490 porcae

201 1493 238 1557 Et
259 1514 363 1574 magno
386 1504 502 1556 cratere
524 1494 631 1564 Deam;
660 1496 712 1556 sed
733 1501 815 1555 more
838 1496 961 1555 sinistro¹

124 1625 131 1634 ,
202 1579 354 1658 Exagitata
376 1579 480 1659 procul
499 1596 556 1639 non
578 1580 663 1639 intrat
684 1579 789 1640 femina
812 1579 913 1648 limen;

202 1663 280 1724 Solis
302 1681 351 1724 ara
373 1663 446 1724 deae
467 1662 593 1723 maribus
613 1672 703 1741 patet.
734 1663 777 1723 lte
799 1663 955 1742 profanae!

202 1744 362 1815 clamatum
386 1746 465 1806 nullo
487 1747 576 1823 gemit
597 1746 644 1806 hic
664 1746 780 1806 tibicina
805 1764 903 1806 cornu.

201 1829 282 1892 Talia
305 1838 421 1891 secreta
443 1829 595 1890 coluerunt
616 1830 699 1907 orgia
721 1831 806 1890 taeda

204 1912 378 1994 Cecropiam
396 1913 474 1974 soliti
496 1912 606 1992 Baptae
630 1914 741 1973 lassare
765 1910 894 1990 Cotytto.

200 1998 254 2060 llle
277 1998 462 2078 supercilium
484 1997 597 2058 madida
619 1997 740 2074 iuligine
764 2007 870 2058 tactum

202 2081 325 2160 Obliqua
348 2083 483 2161 producit
504 2099 558 2142 acu
580 2081 729 2160 pingitque
751 2090 909 2142 trementes

154 2225 156 2230 ,
203 2166 351 2226 Attollens
367 2165 485 2225 oculos:
507 2165 601 2223 vitreo
620 2164 691 2224 bibit
709 2166 758 2226 ille
783 2168 903 2244 priapo,

202 2248 424 2327 Reticulumque
446 2249 536 2307 comis
558 2257 687 2308 auratum
704 2249 868 2328 ingentibus
891 2249 990 2328 implet

202 2331 347 2393 Caerulea
368 2331 483 2392 indutus
504 2331 645 2392 scutulata
663 2342 710 2392 aut
733 2333 849 2412 galbina
871 2351 952 2409 rasa,

201 2415 238 2476 Et
261 2433 315 2494 per
335 2414 473 2475 lunonem
495 2414 600 2475 domini
622 2417 733 2476 iurante
753 2418 891 2477 ministro.

201 2499 256 2560 llle
277 2507 356 2559 tenet
378 2498 546 2578 speculum,
570 2499 678 2577 pathici
699 2511 851 2578 gestamen
874 2499 1010 2574 Othonis,
1106 2571 1108 2576 Ι

204 2582 320 2643 Actoris
342 2582 470 2643 Aurunci
492 2582 633 2662 spolium,
657 2601 714 2664 quo
739 2603 772 2644 se
793 2585 844 2645 ille
862 2584 979 2644 videbat
1139 2595 1194 2646 100

200 2665 364 2742 bimatum,
387 2685 471 2745 quum
493 2669 548 2727 iam
566 2666 630 2726 tolli
650 2667 759 2728 vexilla
782 2667 905 2728 iuberet.

200 2749 261 2810 lies
282 2751 467 2812 memoranda
489 2751 573 2810 noris
595 2751 745 2811 annalibus
767 2760 853 2829 atque
875 2759 986 2810 recentr

200 2833 343 2911 Historia,
367 2835 516 2914 speculum
539 2834 632 2894 civilis
655 2836 768 2894 sarcina
790 2834 877 2893 belli!

200 2916 338 2978 Nimirum
360 2919 460 2979 summi
478 2919 560 2979 ducis
583 2927 629 2977 est
650 2917 787 2977 occidere
811 2915 929 2976 Galbam

200 3000 238 3061 ur
257 3020 359 3063 curare
382 3011 491 3066 cutem:
512 3001 612 3060 summi
634 2999 792 3060 constantia
818 2999 905 3073 civis,
1141 3013 1192 3064 lot>

200 3083 334 3146 Bebriaci
357 3102 460 3164 campo
482 3084 606 3163 spolium
628 3083 766 3143 affectare
789 3080 880 3141 Palati

200 3167 239 3229 Et
259 3187 391 3248 pressum
414 3170 442 3227 in
464 3167 569 3227 iaciem
584 3161 870 3243 'digitis'extendere
893 3181 1011 3243 panem:

203 3251 288 3325 Quod
312 3271 368 3312 neo
388 3253 416 3310 in
430 3250 553 3325 Assyrio
576 3248 742 3327 pharetrata
764 3249 930 3309 Semiramis
953 3247 1036 3325 orbe,

200 3334 314 3396 blaesta
336 3353 392 3395 nec
412 3331 534 3394 Actiaca
558 3332 627 3393 iecit
651 3329 809 3411 Cleopatra
829 3334 935 3393 carina.

201 3416 255 3477 llio
276 3418 371 3477 nullus
392 3416 491 3477 verbis
515 3417 609 3496 pudor
628 3427 676 3480 aut
695 3419 859 3478 reverentia
882 3435 1018 3489 mensae3
1141 3427 1190 3480 ito

199 3498 255 3559 llio
278 3503 370 3580 turpis
392 3499 520 3577 Cybeles
544 3510 572 3562 et
595 3502 687 3564 inacta
709 3518 784 3562 voce
807 3501 945 3581 loquendi
