2434 4028
241 215 280 278 98
552 226 587 273 o.
610 225 681 273 rou.
703 224 890 272 ruvauuurs

240 365 348 426 Oceani
369 374 495 425 monstra
520 375 549 426 et
571 367 691 424 iuvenes
714 364 823 424 vidisse
845 363 983 423 marinos.

239 449 303 510 Non
325 467 397 508 nnus
420 459 532 508 mentes
553 449 643 527 agitat
669 447 764 507 furor:
785 447 836 506 ille
857 449 971 507 sororis

238 533 270 594 ln
291 529 420 594 manibus
443 533 522 593 vultu
543 531 731 592 Eumenidum
752 538 878 590 terretur
900 538 929 590 et
952 531 1022 608 igni,

238 617 291 678 llio
313 617 390 677 bore
413 633 554 696 percusso
573 617 684 693 mugire
706 614 925 691 Agamemnona
949 615 1042 676 credit

238 701 295 760 Aut
317 701 460 770 ltbacum;
483 709 584 780 parcat
605 700 708 758 tunicis
732 697 802 758 licet
824 706 913 776 atque
938 697 1076 776 lacernis,

239 782 388 845 curatoris
412 793 497 862 eget,
527 785 575 862 qui
600 799 701 842 navem
725 780 871 841 mercibus
893 781 999 859 implet

237 868 282 927 Ad
306 885 442 927 summum
462 867 536 927 latus
559 877 588 927 et
609 866 705 926 tabula
725 866 909 942 distinguitur
930 865 1021 942 unda,

238 951 329 1024 Quum
353 953 390 1009 sit
412 969 499 1011 causa
526 951 592 1010 mali
614 950 682 1010 tanti
705 957 735 1008 et
757 949 928 1010 discriminis
955 947 1042 1008 buius

238 1031 392 1094 Goneisum
416 1043 564 1112 argentum
587 1035 615 1092 in
636 1032 734 1093 titulos
759 1032 913 1110 faciesque
937 1033 1074 1094 minutas.
1185 1049 1186 1054 ¹

238 1116 398 1177 Occurrunt
420 1117 512 1176 nubes
535 1127 564 1177 et
585 1116 716 1194 fulgura:
749 1115 863 1176 Solvite
885 1114 996 1190 funem,

235 1199 381 1260 Frumenti
404 1200 534 1260 dominns
559 1199 663 1260 clamat
684 1201 833 1279 piperisve
858 1201 998 1278 coempti,

236 1281 282 1343 Nil
306 1283 390 1344 color
410 1283 458 1344 bic
480 1283 575 1359 coeli,
603 1283 643 1342 nil
668 1284 759 1344 fascia
780 1283 863 1360 nigra
887 1283 1029 1351 minatur;

236 1367 386 1446 Aestivum
409 1376 498 1428 tonat.
522 1373 569 1413 -'
594 1365 700 1427 infelix
721 1367 777 1427 bac
800 1366 921 1426 forsitan
942 1367 1008 1444 ipsa

236 1449 329 1528 Nocte
353 1453 429 1512 cadit
451 1451 551 1512 fractis
574 1449 718 1525 trabibus,
741 1450 887 1528 fluctuque
909 1458 1066 1528 premetur

237 1533 362 1596 Obrutus
386 1545 415 1596 et
436 1553 537 1596 aonam
561 1534 644 1595 laeva
666 1551 821 1611 morsuque
844 1532 964 1593 tenebit.

236 1619 295 1678 Sed
318 1620 398 1678 enias
421 1621 497 1678 votis
520 1619 606 1678 modo
629 1635 686 1677 non
707 1617 864 1676 suffecerat
886 1634 998 1693 aurum,

236 1700 320 1774 Quod
343 1700 440 1779 'l'agus
463 1710 492 1760 et
515 1701 600 1760 rutila
625 1701 716 1760 volvit
738 1699 875 1760 Pactolus
894 1717 995 1776 arena,

234 1781 351 1861 Frigida
374 1784 519 1845 sufficient
541 1785 673 1844 velantes
694 1785 807 1860 inguina
831 1784 916 1861 panni

234 1867 424 1949 Erigoneque
450 1868 550 1946 cibus,
571 1887 665 1929 mersa
690 1875 753 1928 rate
776 1867 931 1945 naufragus
957 1883 1057 1928 assem

234 1952 308 2012 Dum
333 1963 419 2032 rogat
442 1963 471 2014 et
493 1955 570 2033 picta
593 1971 626 2012 se
648 1959 821 2030 tempestate
844 1959 949 2010 tuetur.

277 2035 375 2096 Tantis
399 2046 480 2116 parta
504 2036 585 2097 malis
610 2055 678 2096 cura
701 2035 809 2093 maiore
833 2043 970 2112 metuque

235 2119 401 2177 Servantur.
429 2118 535 2181 llisera
558 2120 718 2197 estmagni
739 2117 869 2178 custodia
891 2116 1014 2178 census!

233 2200 390 2277 Dispositis
414 2205 569 2278 praedives
591 2204 682 2264 hamis
704 2201 827 2280 vigilare
850 2200 1001 2261 cohortem

234 2284 390 2343 Servorum
413 2292 499 2343 noctu
522 2282 636 2346 Licinus
659 2285 754 2361 iubet,
778 2285 913 2346 attonitus
936 2300 991 2363 pro

233 2365 353 2426 Electro
377 2366 526 2446 signisque
552 2370 611 2426 suis
633 2369 824 2447 Phrygiaque
842 2368 973 2429 columna

233 2448 329 2527 Atque
352 2447 443 2508 ebore
469 2457 498 2507 et
521 2449 577 2508 lata
600 2450 754 2510 testudine.
789 2451 876 2512 Dolia
901 2452 968 2512 nudi

233 2531 297 2592 Non
320 2532 421 2593 ardent
445 2529 560 2609 Cynici;
586 2534 610 2592 si
632 2533 774 2612 fregeris,
797 2535 890 2596 altera
913 2535 962 2594 liet

234 2615 305 2677 (iras
329 2617 446 2696 domus,
470 2626 556 2697 atque
576 2617 677 2679 eadem
696 2617 813 2698 plumbo
831 2619 983 2680 commissa
1001 2621 1133 2682 manebit.
1159 2627 1191 2683 tlt

233 2702 330 2763 Sensit
354 2702 537 2780 Alexander,
564 2711 639 2764 testa
660 2722 746 2783 quum
767 2703 837 2762 vidit
859 2703 887 2763 in
910 2701 959 2763 illa
1035 2745 1040 2755 .

232 2785 365 2864 Magnum
388 2785 595 2864 habitatorem,
620 2796 725 2866 quanto
751 2785 866 2846 felicior
886 2787 949 2863 bic,
974 2789 1022 2866 qui

232 2867 279 2929 Nil
302 2879 439 2948 cuperet,
464 2891 547 2950 quarn
573 2873 620 2952 qui
641 2880 731 2932 totum
754 2869 807 2930 sibi
830 2879 969 2950 posceret
994 2871 1106 2947 orbem,

232 2949 373 3011 Passurus
396 2957 488 3030 gestis
510 2957 659 3034 aequanda
683 2955 814 3035 pericula
835 2953 932 3014 rebus.

231 3031 347 3092 Nullum
369 3054 471 3095 numen
494 3039 595 3114 abest,
622 3041 646 3098 si
669 3041 706 3098 sit
728 3037 891 3117 prudentia;
917 3054 970 3097 nos
993 3047 1034 3115 te,
1158 3045 1191 3097 31!

231 3111 293 3174 Nos
317 3115 454 3194 facimus,
477 3118 620 3196 Fortuna,
645 3123 736 3183 deam.
772 3118 906 3182 llensura
929 3131 1023 3182 tamen
1044 3141 1118 3201 quae

232 3197 363 3259 Sufficiat
386 3217 506 3276 census,
533 3204 557 3260 si
580 3205 643 3280 quis
665 3221 711 3261 me
738 3202 886 3278 consulat,
907 3205 1004 3272 edam:

231 3281 264 3344 ln
287 3292 420 3362 quantum
444 3283 505 3342 sitis
528 3293 613 3363 atque
640 3287 730 3346 fames
754 3292 783 3343 et
808 3285 917 3362 frigora
938 3299 1072 3366 poscunt,

233 3367 389 3446 Quantum,
411 3365 554 3448 Epicure,
577 3365 628 3428 tibi
651 3371 747 3448 parvis
770 3369 884 3430 suffecit
905 3371 933 3429 in
957 3371 1059 3448 bortis,

232 3449 373 3524 Quantum
397 3452 540 3511 Socratici
565 3461 703 3528 ceperunt
725 3459 791 3511 ante
815 3459 944 3527 penates.
1155 3461 1191 3514 stt
