2460 4004
400 336 525 384 suumn
546 337 624 384 XIII.

23 477 189 551 Pacuvium,
216 475 283 553 quiu
305 473 375 533 iilud
399 473 470 533 ebur
496 473 616 534 ducatur
636 474 671 534 ad
693 493 759 535 aras

23 561 56 622 lit
79 559 162 620 cadat
184 567 250 619 ante
272 557 362 618 Lares
386 556 540 634 Gallittae,
564 559 678 618 victima
702 557 765 617 sola

24 646 117 704 Tantis
141 643 227 720 digna
251 641 314 701 deis
338 651 368 702 et
390 641 589 720 captatoribus
612 642 723 701 horum.

22 729 103 788 Aiter
125 728 217 803 enim,
240 726 265 785 si
289 724 435 786 concedas
457 733 603 802 mactare,
628 725 748 785 vovebit
957 738 1008 789 115

21 812 62 871 ite
85 828 178 888 grege
199 826 350 870 servorum
373 826 475 886 magna
501 817 549 871 aut
568 809 763 888 pulcherrima
785 825 918 886 quaeqae

21 894 168 974 Corpora,
191 894 241 953 vei
266 895 364 972 pueris
391 901 421 952 et
442 891 588 954 frontibus
610 893 778 953 ancillarum

19 979 151 1057 imponet
171 978 276 1053 vittas,
301 987 330 1037 et
352 978 377 1036 si
401 994 456 1054 qua
481 985 527 1037 est
549 976 654 1037 nubilis
676 977 718 1037 iiii

17 1062 167 1140 Iphigenia
194 1060 286 1137 dorni,
311 1059 389 1121 dabit
411 1061 485 1120 hanc
508 1059 663 1137 altaribus,
687 1062 742 1120 etsi

17 1145 79 1205 Non
106 1153 205 1224 sperat
228 1146 358 1222 tragicae
382 1143 487 1204 furtiva
514 1144 630 1224 piacula
653 1162 769 1204 cervae.
959 1155 1010 1208 lto

16 1229 115 1289 Laudo
139 1245 233 1287 meum
256 1229 366 1304 civem,
389 1245 445 1287 nec
467 1244 607 1308 comparo
629 1237 803 1289 testamento

17 1313 96 1372 ttrite
121 1321 216 1382 rates;
242 1330 306 1372 nanr
328 1313 353 1370 si
375 1310 526 1372 Libitinam
550 1314 676 1373 evaserit
700 1331 800 1390 aeger,

17 1395 139 1456 Iieiehit
161 1395 291 1472 tabulas,
315 1396 444 1455 inclusus
465 1413 589 1456 carcere
611 1413 727 1472 nassae,

16 1479 84 1540 Post
111 1481 243 1539 rnerituru
266 1497 337 1539 sane
358 1480 533 1556 mirandum,
559 1487 647 1556 atque
670 1480 763 1539 omnia
784 1479 841 1538 soli

16 1561 129 1623 Forsan
154 1563 280 1624 Pacuvio
303 1562 433 1622 breviter
456 1559 553 1638 dabit,
575 1562 627 1621 ille
652 1561 796 1640 superbus
960 1571 1010 1624 125

16 1646 140 1706 incedet
160 1648 246 1706 victis
268 1645 416 1706 rivalibus.
460 1642 541 1723 Ergo
564 1645 646 1705 vides
669 1663 753 1723 quam

18 1729 136 1790 Grande
160 1747 272 1809 operae
296 1730 419 1808 pretium
444 1729 532 1792 faciat
555 1730 681 1807 iugulata
705 1728 845 1805 Mycenis.

17 1813 106 1873 Vivat
128 1811 287 1889 Pacuvius,
314 1831 441 1891 quaeso,
464 1811 514 1875 vel
537 1810 662 1874 Nestora
686 1822 790 1882 totunr;

17 1893 190 1970 Possideat,
216 1905 351 1973 quantum
373 1898 468 1974 rapuit
493 1895 589 1963 Ner-m
613 1897 756 1956 montibus
779 1915 877 1956 aurum

16 1977 190 2054 Exaequet3
213 1996 269 2036 nec
286 1988 362 2037 arnet
382 1995 572 2055 quemquam,
592 1997 648 2037 nec
665 1987 775 2037 anretur
792 1978 827 2038 ah
850 1978 927 2038 uilo.
960 1987 1011 2040 1311

371 2212 665 2220 ——-—----—-—-

305 2413 345 2503 t.
373 2412 482 2506 iiiiii
508 2413 732 2509 tunditis

428 2591 608 2668 nourrius

193 2722 841 2837 statuariunt

372 2901 475 2965 LIBER
501 2901 652 2977 QUINTUS.

332 3172 566 3237 SATIRA
600 3173 696 3238 XIII.

28 3267 174 3380 Exempto
200 3301 400 3380 quodcumque
423 3302 499 3362 maio
525 3305 723 3382 committitur,
744 3307 800 3384 Ipsi

28 3386 170 3464 Displicet
193 3387 314 3446 auctori.
359 3386 452 3446 Prima
482 3397 527 3448 est
548 3388 624 3450 hacc
645 3387 733 3466 ultio,
758 3390 889 3468 quodue

27 3467 122 3528 iudice
145 3485 230 3528 neruo
252 3485 361 3530 nocens
388 3469 563 3549 absolvitur,
589 3471 720 3551 improba
744 3476 874 3553 quamvis

31 3551 123 3611 Gratia
146 3552 244 3612 iailaci
265 3555 408 3631 praetoris
429 3555 534 3616 vicerit
556 3573 635 3616 urna.

764 3640 804 3704 ⁶*
