2460 4004
348 272 530 322 sunnrornu
552 273 687 322 sarran.
735 258 737 262 ’
766 263 767 272 ’
951 267 1007 324 107

27 433 76 491 Sic
91 429 190 490 itidem
205 429 332 489 Romana
349 446 464 503 manus,
481 427 660 488 contendere
683 437 835 508 postquam

26 515 143 574 Destitit
160 521 190 572 et
204 529 306 591 pacem
329 511 424 590 longis
439 511 564 572 frenavit
579 510 715 587 habenis,

26 598 91 675 lpsa
107 597 183 656 dorni
201 596 285 674 leges
304 603 333 654 et
348 595 433 656 Graia
447 597 563 656 inventa
578 603 740 655 retractans

28 680 128 740 Omnia
144 679 287 756 bellorum
302 688 379 740 terra
396 681 526 757 quaesita
541 680 671 758 marique
977 691 1012 745 3o

27 764 156 823 Praemia
172 764 294 823 consilio
312 772 341 822 et
355 763 436 822 molli
453 765 566 824 ratione
579 762 715 840 regebat.

25 847 125 907 Stabat
140 848 169 905 in
185 847 246 915 his;
267 864 362 925 neque
378 849 452 906 eninr
469 856 586 925 poterat
601 855 737 906 constare
753 847 816 906 sine
831 847 918 925 ipsis,

26 931 84 989 dut
102 930 209 990 irustra
224 932 308 989 uxori
326 931 508 1008 mendaxque
525 930 676 1008 Diespiter
691 929 775 990 olim:

24 1013 192 1092 Impar-tam
206 1016 272 1074 siae
288 1013 349 1092 {lasa
368 1015 452 1090 dedi,
468 1014 578 1073 dixisse
593 1013 743 1092 probatur.

2 1139 3 1142 ,
26 1095 109 1155 Nunc
125 1097 211 1172 igitur
227 1097 275 1175 qui
291 1114 339 1156 res
353 1094 498 1155 Romanas
514 1098 635 1175 imperat
656 1097 749 1172 inter,

2 1191 3 1254 i
24 1180 88 1238 Non
105 1178 189 1239 trabe
205 1179 258 1238 sed
272 1187 356 1256 tergo
373 1178 529 1257 prolapsus
547 1189 576 1240 et
590 1179 718 1257 ingluvie
733 1180 832 1255 albus,

2 1277 3 1288 ¹
24 1263 59 1322 Et
75 1263 169 1322 studia
186 1271 214 1322 et
230 1263 346 1341 sapiens
362 1261 506 1322 bominum
521 1280 685 1340 nomenque
700 1281 853 1342 genusque

2 1347 3 1388 ἶ
23 1346 125 1405 Omnia
143 1345 223 1406 abire
241 1346 321 1405 loras
336 1355 423 1423 atque
437 1346 509 1406 urbe
528 1346 676 1406 excedere
692 1348 783 1406 iussit.

2 1427 3 1432 ’
23 1429 99 1501 Quid
114 1429 260 1489 iacimus?
291 1428 393 1490 Graios
409 1428 612 1506 hominumque
628 1428 794 1506 reliquimus
809 1428 913 1506 urbes,

25 1513 61 1572 Ut
77 1512 209 1572 Romana
223 1513 301 1572 ioret
316 1513 408 1589 magis
426 1512 470 1571 his
486 1513 625 1571 instructa
641 1513 799 1588 magistris;

22 1595 123 1670 Nunc,
141 1592 305 1674 Capitolino
321 1596 413 1655 veluti
428 1595 562 1656 turbante
579 1591 701 1656 Camillo

22 1679 150 1738 Ensibus
166 1689 196 1739 et
213 1681 316 1740 trutina
334 1678 409 1740 Galli
422 1679 527 1759 ingere
549 1678 669 1755 relicta,

22 1765 72 1822 Sic
88 1765 180 1822 nostri
196 1764 296 1842 palare
312 1783 400 1824 senes
417 1764 549 1824 dicuntur
564 1774 594 1824 et
609 1764 665 1842 ipsi

24 1845 60 1904 Ut
76 1846 171 1906 ferale
188 1865 257 1906 suos
274 1864 346 1907 onus
362 1850 525 1927 exstirpare
543 1848 671 1909 libellos.

23 1927 105 2005 Ergo
121 1927 308 1989 Numantinus
325 1929 509 2009 Libycusque
529 1933 636 1992 erravit
653 1933 682 1990 in
703 1933 758 1990 isto

23 2013 144 2089 Scipio,
162 2014 209 2090 qui
224 2010 338 2071 Rhodio
355 2014 448 2072 crevit
465 2015 607 2075 formante
622 2016 777 2093 magistro,
876 2048 878 2053 s

25 2093 133 2154 Cetera
150 2104 178 2153 et
194 2095 243 2154 illa
257 2112 356 2154 manus
371 2094 452 2155 bello
468 2097 592 2158 iocunda
610 2098 756 2175 secundo,

24 2179 107 2252 Quos
125 2179 200 2237 inter
215 2178 305 2255 prisci
320 2180 463 2238 sententia
482 2179 528 2238 dia
544 2177 662 2240 (latonia

23 2263 108 2322 Scire
126 2261 200 2321 adeo
217 2261 312 2337 magni
329 2261 467 2333 iecisset,
485 2270 615 2321 utrumne
630 2265 765 2325 secundis

23 2347 69 2404 Αιι
89 2347 180 2422 magis
198 2344 330 2406 adversis
345 2351 436 2404 staret
451 2343 579 2404 Romana
595 2346 749 2424 propago?

24 2429 147 2490 Scilicet
163 2428 313 2488 adversis:
335 2445 401 2487 nant
419 2445 505 2506 quum
523 2426 676 2488 defendier
696 2433 781 2489 armis

25 2510 135 2572 Suadet
149 2528 230 2572 amor
244 2513 357 2589 patriae
378 2521 407 2571 et
426 2513 540 2591 captiva
561 2511 714 2591 penatibus
728 2530 818 2589 uxor,

25 2595 187 2671 Convenit,
206 2603 237 2653 ut
251 2597 368 2672 vespis,
386 2613 506 2674 quarum
523 2595 624 2656 domus
639 2613 707 2656 arce
723 2593 875 2672 lilonetae,

27 2679 123 2739 Turba
139 2681 239 2756 rigens
257 2679 366 2738 strictis
380 2696 436 2756 per
451 2679 530 2741 lutea
552 2696 677 2758 corpora
693 2679 775 2750 telis3

26 2762 80 2821 Ast
95 2762 143 2822 ubi
159 2781 230 2840 spes
250 2779 354 2821 secura
369 2762 462 2839 redit,
482 2763 573 2824 oblita
590 2763 721 2824 favorum

26 2845 113 2904 Plebs
127 2854 278 2924 materque
293 2863 349 2905 una
365 2862 466 2906 somno
485 2849 642 2906 moriuntur
658 2845 760 2905 obeso.

27 2927 242 2989 Romulidarum
258 2930 345 3007 igitur
360 2929 449 3007 longa
465 2940 494 2990 et
509 2931 606 3008 gravis
623 2931 740 2989 exitium
754 2945 821 3005 pax.

67 3011 132 3072 Hoc
148 3011 257 3072 labella
272 3013 358 3073 modo
375 3031 494 3092 pausam
509 3015 587 3074 iacit.
621 3011 749 3092 Optima,
768 3012 906 3090 posthac,

27 3093 123 3171 llusa,
140 3095 228 3155 velim
245 3114 381 3173 moneas,
400 3099 463 3158 sine
480 3116 535 3176 qua
550 3096 618 3156 mihi
633 3096 710 3156 nulla
726 3095 863 3174 voluptas

28 3177 152 3255 Vivere,
171 3181 211 3239 uti
227 3180 370 3258 quondam
383 3181 496 3258 Lydus,
512 3181 577 3241 dum
594 3181 714 3256 Smyrna
729 3178 858 3258 peribat,
977 3186 1013 3239 do

29 3259 109 3322 Nunc
123 3263 221 3322 itidem
237 3265 363 3342 migrare
382 3265 473 3331 velis;
496 3263 687 3343 veldenique
709 3262 822 3342 quidvis

28 3344 64 3404 Ut
79 3345 134 3406 dea
149 3363 258 3424 quaere
275 3348 371 3414 aliud:
394 3355 501 3406 tantum
518 3346 648 3408 Romana
663 3345 773 3406 Caleno

28 3426 142 3489 lloenia
158 3431 299 3490 iucundos
314 3433 481 3508 pariterque
497 3440 597 3490 averte
614 3430 747 3491 Sabinos.

30 3511 105 3572 llaec
123 3530 193 3589 ego;
219 3524 276 3572 tum
292 3514 391 3590 paucis
403 3512 457 3573 dea
473 3531 518 3572 me
537 3513 683 3591 dignarier
700 3513 773 3574 infit:

169 3713 184 3743 U
