2460 4004
398 301 523 350 SATIRA
545 302 580 348 X.

34 440 203 501 lantumdem
215 449 302 520 atque
325 439 367 501 illi
388 457 512 500 summas
535 440 644 502 donare
670 438 796 516 curules,

32 524 104 584 illum
126 525 300 585 exercitibus
327 521 535 603 praeponere?
561 533 639 586 tutor
665 522 767 584 haberi

33 607 157 687 Principis
182 617 302 686 angusta
330 605 507 686 Caprearum
531 608 559 668 in
581 625 654 686 rupe
678 607 806 668 sedentis

32 689 93 750 [lum
116 710 207 770 grege
231 690 400 753 Gbaldaeoi
427 693 471 750 vis
494 700 575 752 certe
599 691 674 769 pila,
699 691 848 766 cohortes,

30 774 163 854 Egregios
189 777 303 854 equites
328 785 358 836 et
380 784 476 834 castra
501 771 681 836 domestica?
706 776 804 854 quidni
968 784 1001 838 95

29 857 101 919 llaec
122 857 240 938 cupias?
263 869 292 919 et
314 861 362 938 qui
384 859 484 919 nolunt
505 859 643 920 occidere
666 876 849 938 quemquam,

27 941 112 1003 Posse
133 944 241 1003 volunt.
278 944 337 1004 Sed
360 961 434 1022 qaae
457 943 609 1020 praeclara
634 952 663 1005 et
687 942 931 1022 prosperamini,

28 1025 59 1085 [lt
78 1027 164 1088 rebus
185 1026 269 1086 laetis
295 1029 406 1105 parsit
430 1044 564 1087 mensura
588 1024 748 1088 malorum?

26 1109 124 1186 Huius,
148 1112 195 1190 qui
218 1111 356 1186 trahitur,
380 1119 560 1190 praetentam
583 1129 697 1172 sumere
722 1114 823 1186 uraris,

26 1193 64 1252 rin
85 1195 254 1254 Fidenarum
276 1193 488 1273 Gabiorumque
511 1212 578 1254 esse
605 1204 736 1274 potestas
954 1206 1003 1260 10⁰
1101 1257 1108 1262 .

24 1276 56 1336 Et
77 1279 115 1338 de
136 1295 268 1338 mensura
290 1280 334 1338 ius
357 1279 471 1356 dicere,
494 1296 563 1338 vasa
585 1280 695 1340 minora

24 1359 166 1441 Frangere
189 1379 335 1440 pannosus
360 1364 459 1423 vacuis
482 1363 586 1422 aedilis
608 1360 746 1424 Ulubris?

22 1442 97 1524 Ergo
123 1447 190 1524 quid
214 1446 370 1525 optandum
393 1447 487 1520 foret,
517 1448 670 1522 ignorasse
697 1446 798 1506 lateris

23 1529 166 1597 Seianum;
192 1530 327 1606 namqui
351 1530 455 1588 nimios
476 1529 594 1606 optabat
620 1528 747 1588 bonores

23 1610 54 1671 Et
76 1614 178 1673 nimias
200 1613 343 1692 poscebat
364 1629 455 1690 opes,
481 1629 634 1672 numerosa
659 1611 780 1691 parabat
953 1624 1002 1678 lob

21 1694 165 1757 Excelsae
191 1699 277 1755 turris
294 1693 443 1772 tabulata,
467 1697 542 1756 uude
564 1695 652 1756 altior
675 1705 755 1756 esset

22 1777 112 1840 Casus
138 1788 166 1838 et
192 1779 332 1858 impulsae
357 1798 502 1858 praeceps
524 1782 647 1840 immane
669 1781 780 1840 ruinae.

20 1863 92 1934 butu
117 1860 258 1936 Crassos,
283 1863 351 1940 quid
376 1863 532 1941 Pompeios
560 1865 682 1938 evertit,
708 1873 738 1922 et
761 1863 852 1939 illum,

19 1946 58 2006 ld
84 1964 137 2005 sua
164 1948 212 2024 qui
236 1947 359 2005 domitos
383 1945 501 2005 deduxit
524 1946 614 2021 flagra
637 1942 788 2017 Quirites?

18 2030 150 2088 Summus
173 2045 278 2105 nempe
305 2028 389 2086 locus
415 2028 492 2087 nulla
516 2046 573 2088 non
598 2037 663 2088 arte
685 2030 803 2106 petitus,
953 2043 1003 2092 110

18 2109 181 2190 llagnaque
205 2110 363 2170 numinibus
385 2120 453 2170 rota
477 2111 611 2172 exaudita
634 2111 775 2189 malignis.

16 2195 57 2255 Ad
85 2211 227 2272 generum
254 2191 371 2254 Cereris
397 2197 459 2254 siue
484 2196 576 2256 caede
599 2214 635 2256 ac
656 2195 777 2257 uulnere
800 2198 887 2276 ‘pauci

16 2275 206 2338 Descendunt
228 2296 317 2354 reges
342 2288 371 2337 et
393 2280 472 2339 sicca
498 2289 591 2340 morte
614 2282 736 2356 tyranni.

55 2362 213 2439 Eloquium
234 2380 269 2421 ae
287 2362 390 2422 famam
411 2362 620 2425 Demosthenis
641 2373 693 2425 aut
718 2362 869 2426 Ciceronis

17 2444 122 2523 lncipit
145 2455 248 2523 optare
272 2455 300 2504 et
324 2447 393 2505 totis
407 2446 636 2526 Quinquatrhtus
660 2457 752 2527 optat,
953 2459 1002 2514 115

19 2527 156 2607 Quisquis
183 2527 276 2588 adhue
298 2547 357 2588 uuo
380 2548 496 2608 parcam
518 2532 590 2592 colit
616 2551 684 2593 asse
708 2531 875 2610 Mineruam,

15 2609 110 2682 ,Quem
138 2614 267 2690 sequitur
288 2622 388 2672 custos
412 2625 552 2690 augustae
576 2617 696 2678 vernula
724 2634 842 2694 capsae.

16 2689 144 2772 Eloquio
170 2696 222 2755 sed
245 2705 366 2774 uterque
391 2699 466 2772 perit
488 2707 600 2766 oraton
626 2709 777 2775 utrumque

17 2775 128 2855 bargus
153 2789 183 2838 et
208 2780 356 2839 exundans
376 2777 435 2838 leto
458 2779 537 2839 dedit
558 2781 669 2858 ingenii
693 2781 769 2840 ious.

17 2857 137 2936 ingenio
160 2881 259 2922 manus
285 2873 330 2922 est
356 2871 385 2921 et
408 2863 508 2921 cervix
528 2880 631 2936 eaesa3
657 2880 868 2940 necunquam
954 2873 1004 2926 tho

19 2944 166 3022 Sanguine
193 2947 331 3006 causidici
354 2945 524 3004 maduerunt
546 2955 642 3006 rostra
666 2946 775 3026 pusilli.

18 3025 42 3084 0
66 3029 239 3090 iortuuatam
261 3039 355 3090 natam
379 3047 425 3088 me
450 3028 571 3088 consule
596 3028 717 3090 Romam
739 3062 780 3074 ·-

19 3110 125 3173 Antoni
148 3113 263 3192 gladios
286 3115 378 3191 potuit
400 3122 603 3189 coutenmere,
626 3115 651 3173 si
674 3114 718 3173 sic

20 3191 116 3256 Omnia
142 3199 275 3258 dixisset.
313 3196 444 3256 Ridentla
464 3207 601 3275 poemata
623 3198 711 3274 malo,

20 3275 109 3348 Quam
132 3291 163 3340 te
176 3282 379 3359 conspicuae,
402 3280 496 3340 divina
517 3280 695 3360 Philippica,
715 3280 824 3353 damae,
954 3290 1002 3344 12⁵

18 3357 155 3423 Volveris
181 3383 197 3425 a
222 3365 312 3442 prima
335 3381 410 3442 quae
433 3367 574 3442 proxima.
612 3367 723 3426 Saeuus
747 3371 775 3423 et
798 3362 877 3422 illmn

18 3439 118 3506 Exitus
143 3449 267 3527 eripuit,
293 3465 378 3525 quem
404 3448 577 3508 mirabantur
602 3449 735 3510 Athenae

19 3523 191 3591 Torrentem
215 3541 247 3590 et
271 3531 349 3608 pleni
371 3531 567 3591 moderantem
589 3534 671 3593 irena
691 3533 813 3675 lhemiq
824 3613 838 3650 ἡ
