2480 4006
403 307 529 354 sauma
550 309 601 353 111.
676 345 692 382 o

21 456 100 523 tque
127 444 224 504 obiter
247 444 328 521 leget
351 454 399 506 aut
420 446 529 504 scribet
551 447 599 506 vel
622 447 746 506 dormiet
768 448 857 518 intus:

21 530 136 606 'amque
160 527 229 587 facit
251 545 381 588 somnum
398 529 497 589 clausa
517 529 622 590 lectica
644 531 782 591 fenestra.

21 622 78 671 nte
101 621 199 672 tamen
218 613 331 672 veniet:
354 612 437 672 uobis
461 614 684 691 properantibus
707 614 803 675 obstat

21 697 84 755 'uda
108 696 208 772 prior,
231 713 337 772 magno
359 696 487 774 populus
509 699 614 775 premit
634 693 748 776 agmine
770 699 893 769 lumbos.
977 764 980 770 ,

21 781 56 848 tui
78 781 226 857 sequitur;
249 779 317 838 ferit
338 779 386 839 lric
406 779 520 854 cubito,
542 781 609 840 ferit
632 800 733 842 assere
757 783 828 842 duro
943 795 994 849 245

21 864 103 938 lter,
127 871 157 923 at
179 863 226 922 bic
248 865 356 940 tignum
375 865 462 941 capiti
481 865 598 939 incutit,
618 865 670 925 ille
692 876 851 930 metretam.

25 949 125 1022 inguia
147 964 233 1006 crura
255 947 330 1015 luto;
355 947 453 1025 planta
472 964 540 1006 mox
561 949 686 1026 undique
706 967 809 1026 magua

21 1030 112 1089 laleor
134 1039 163 1088 et
183 1031 211 1088 in
232 1030 323 1107 digito
347 1031 447 1090 clavus
469 1031 537 1090 mibi
557 1032 654 1090 militis
675 1032 788 1093 haeret.

21 1113 105 1171 lorme
129 1113 228 1189 uides,
252 1123 358 1192 quanto
382 1113 549 1174 celebretur
571 1115 702 1192 sportula
722 1115 823 1176 fumo?

21 1195 126 1255 lentum
150 1199 310 1273 convivae,
334 1199 465 1276 sequitur
482 1217 533 1258 sua
555 1216 699 1277 quemque
722 1201 826 1262 culina.
942 1215 993 1267 250

21 1278 134 1340 lorbulo
157 1282 206 1339 vix
228 1281 319 1340 ferret
341 1290 384 1340 tot
407 1299 477 1341 vasa
497 1283 641 1358 ingentia,
664 1291 708 1342 tot
729 1301 776 1342 res

21 1366 157 1442 npositas
179 1365 282 1441 capiti,
308 1383 379 1443 quas
402 1374 484 1425 recto
506 1367 618 1426 vertice
640 1375 737 1444 portat

21 1448 143 1507 lervulus
166 1447 267 1507 infelix
290 1457 319 1508 et
339 1467 425 1508 cursu
449 1449 569 1509 ventilat
588 1451 693 1526 ignem.

21 1532 178 1591 lciuduntur
198 1533 312 1592 tunicae
335 1541 432 1592 sartae
453 1532 556 1600 modo;
581 1533 668 1610 longa
691 1543 827 1594 coruscat

21 1615 127 1674 terraco
150 1617 286 1676 veniente
308 1615 406 1690 abies,
430 1625 516 1693 atque
538 1616 630 1677 altera
650 1618 747 1694 pinum
941 1632 993 1685 255

21 1698 134 1758 'laustra
154 1697 276 1767 uehuut;
300 1709 399 1760 nutant
421 1699 479 1758 alte
497 1700 667 1778 populoque
690 1701 841 1761 minantur.

21 1780 73 1841 lam
96 1783 120 1840 si
143 1782 314 1862 procubuit,
338 1785 386 1860 qui
408 1800 478 1843 saxa
500 1781 647 1860 Ligustica
669 1793 767 1861 portat

21 1864 93 1941 irie,
119 1875 148 1924 et
170 1883 304 1926 eversum
325 1867 398 1926 fudit
420 1884 509 1944 super
531 1869 643 1943 agmina
664 1877 801 1942 montem,

21 1946 77 2018 luid
101 1959 238 2028 superest
259 1950 296 2010 de
315 1946 510 2028 corporibus?
533 1952 596 2027 quis
616 1949 758 2024 membra,
779 1953 842 2028 quis
866 1968 932 2010 ossa

21 2030 136 2092 'nvenit'l
164 2033 298 2093 obtritum
320 2034 399 2110 uulgi
420 2034 496 2111 perit
518 2051 602 2092 omne
625 2034 751 2093 cadaver
940 2045 992 2099 260

22 2112 84 2175 lore
106 2117 231 2186 auimae;
253 2117 355 2177 domus
377 2119 489 2176 interea
510 2135 615 2176 secura
636 2116 762 2194 patellas

22 2215 59 2257 ¹arra
82 2199 160 2260 lavat
182 2209 211 2259 et
232 2199 326 2260 bucca
348 2201 476 2260 foculum
499 2202 607 2260 excitat
628 2210 657 2259 et
681 2209 765 2260 sonat
787 2202 879 2261 unctis

22 2281 157 2361 luiglibus
181 2293 210 2343 et
232 2284 320 2361 pleno
344 2285 491 2363 componit
511 2285 600 2344 lintea
621 2284 720 2362 gutte!

22 2357 80 2426 laec
104 2369 177 2426 inter
197 2385 305 2445 pueros
328 2370 408 2428 varie
430 2377 637 2446 properantur:
661 2377 690 2427 at
711 2368 762 2429 ille

22 2444 59 2508 [am
78 2451 161 2510 sedet
183 2452 211 2510 in
233 2453 296 2529 ripa
318 2460 482 2530 tetrumque
505 2453 635 2511 novicius
657 2451 760 2512 horret
939 2466 990 2518 aaa

22 2527 169 2608 lenimen,
192 2553 248 2594 nec
271 2545 370 2612 sperat
394 2539 514 2595 coenosi
536 2537 659 2612 gurgitis
681 2535 774 2596 alnum

22 2610 124 2692 lnfelix,
148 2636 202 2677 nec
225 2617 313 2678 babet
336 2637 420 2698 quem
443 2621 574 2697 porrigat
594 2635 645 2678 ore
666 2621 808 2678 trientem.

49 2698 169 2779 Respice
190 2720 266 2760 nune
289 2702 344 2762 alia
366 2721 401 2763 ac
423 2705 538 2765 diversa
559 2702 690 2781 pericula
713 2704 822 2762 noetis:

23 2775 87 2848 [lund
109 2786 232 2863 spatium
253 2787 340 2844 tectis
362 2786 547 2862 sublimibus,
575 2786 650 2846 unde
673 2786 824 2845 cerebrum

23 2859 90 2927 lesta
112 2867 193 2944 ferit,
219 2870 335 2946 quoties
358 2871 464 2929 rimosa
481 2880 510 2930 et
532 2879 611 2930 curta
635 2869 771 2952 fenestris
938 2881 989 2933 2⁷0

23 2941 79 3010 Vasa
100 2952 218 3021 cadunt;
240 2962 348 3030 quanto
369 2971 539 3030 percussum
560 2953 692 3031 pondere
715 2954 829 3030 signent

23 3023 47 3087 bt
60 3035 167 3096 laedant
185 3036 308 3095 silicem.
354 3036 453 3096 Possis
475 3039 594 3114 ignavus
618 3035 717 3095 baberi

23 3107 48 3170 Εῐ
65 3118 143 3179 subiti
167 3136 252 3178 casus
275 3120 469 3196 improvidus,
492 3121 528 3180 ad
551 3137 672 3180 coenam
692 3121 716 3177 si

23 3189 152 3262 lntestatus
173 3221 239 3272 eas;
264 3203 338 3262 adeo
360 3213 403 3262 tot
425 3203 499 3279 fata,
524 3213 594 3281 quot
617 3204 667 3263 illa

23 3273 95 3344 Nocte
112 3296 209 3364 patent
230 3287 337 3364 vigiles
360 3295 390 3346 te
411 3296 615 3365 praetereunte
638 3287 795 3347 fenestrae.
936 3297 988 3351 275

25 3355 83 3440 Ergo
102 3379 183 3448 optes
205 3379 363 3449 votumque
387 3371 466 3430 ieras
486 3369 652 3430 miserabile
673 3381 779 3447 tecum,

26 3439 52 3501 Ut
68 3453 113 3512 sint
133 3463 288 3514 contentae
310 3454 424 3533 patulas
448 3454 606 3514 defundere
630 3455 742 3533 pelves.

26 3519 104 3594 lbrlus
125 3554 159 3597 ac
177 3538 330 3615 petulans,
353 3539 402 3616 qui
424 3538 532 3598 nullum
552 3539 628 3598 forte
650 3541 766 3615 cecidit,

57 3633 98 3675 mv.
113 3641 171 3680 aar.
791 3633 808 3684 2
