2460 4004
423 261 550 310 SA'HBA
571 263 635 309 xli.

41 400 195 464 denticuli:
219 400 294 461 adeo
316 399 488 460 medicatum
510 399 655 480 intellegit
665 401 782 478 inguen.

40 486 178 560 Fundite,
199 501 274 564 quae
296 500 361 544 mea
381 492 461 559 sunt,
483 482 616 560 dicebat,
642 492 761 560 cuncta,
785 481 925 560 Catullus,

40 569 236 647 Praecipitare
256 567 360 627 volens
382 569 467 626 etiam
490 566 700 646 pulcherrime,
719 576 831 628 vestem

39 655 230 732 Purpuream,
252 652 362 711 teneris
383 667 499 729 quoque
520 649 738 711 Maecenatibus
760 660 865 730 aptam,

39 738 137 816 Atque
156 735 244 810 alias,
265 752 384 814 quarum
406 735 545 812 generosi
567 736 703 812 graminis
724 736 819 814 ipsum

39 821 144 880 Infecit
165 828 264 878 natura
285 836 393 898 pecus,
418 819 471 878 sed
494 827 522 878 et
544 820 683 897 egregius
705 818 794 879 ions-

37 904 155 964 Viribus
179 902 302 962 occultis
324 911 354 962 et
375 901 510 962 Baeticus
532 901 647 964 adiuvat
665 921 726 964 aer.

37 988 91 1048 llle
114 1005 171 1047 nec
192 995 342 1064 argentum
364 985 513 1046 dubitabat
533 987 664 1063 mittere,
685 987 787 1047 lances

37 1071 193 1132 Parthenio
212 1069 321 1146 iactas,
345 1088 433 1130 urnae
457 1077 570 1130 cratera
590 1088 730 1150 capacem

37 1154 72 1215 ltu
96 1155 213 1232 dignum
236 1155 349 1214 sitiente
371 1153 463 1214 Pholo
485 1153 534 1214 vel
556 1155 681 1232 coniuge
703 1153 807 1229 Fusci3

37 1239 123 1298 Adde
145 1246 174 1297 et
195 1237 357 1298 bascaudas
379 1247 407 1298 et
429 1237 507 1298 mille
527 1239 657 1313 escaria,
679 1238 797 1298 multum

37 1321 168 1398 caelati,
191 1320 306 1381 biberat
325 1337 382 1400 quo
406 1320 527 1381 callidus
549 1331 662 1399 emptor
683 1320 809 1396 Olynthi.

36 1405 96 1466 Sed
120 1406 185 1484 quis
207 1423 282 1464 nunc
304 1404 393 1480 alius,
416 1422 472 1482 qun
493 1405 589 1464 mundi
612 1413 695 1483 parte
715 1406 779 1482 quis
798 1406 885 1466 audet

35 1489 171 1567 Argento
188 1488 340 1567 praeferre
364 1495 451 1566 caput
472 1486 619 1565 rebusque
642 1483 786 1547 salutem?

37 1573 117 1653 [Non
130 1580 252 1651 propter
268 1573 355 1630 vitam
374 1570 482 1632 iaciunt
504 1571 673 1648 patrimonia
694 1569 819 1648 quidam,

37 1657 98 1716 Sed
121 1656 192 1716 vitio
215 1655 297 1717 caeci
319 1663 441 1734 propter
462 1655 631 1734 patrimonia
651 1655 778 1734 vivunt]

35 1737 164 1800 lactatur
183 1758 279 1800 rerum
300 1739 408 1800 utilium
429 1756 497 1818 pars
519 1741 657 1816 maxima,
679 1738 732 1799 sed
753 1757 811 1800 nec

35 1821 149 1882 Damna
168 1823 279 1889 lenant;
302 1831 370 1882 tunc
392 1822 524 1882 adversis
544 1821 715 1899 urgentibus
736 1822 806 1882 illuc

36 1905 190 1979 Reccidit,
210 1914 241 1963 ut
262 1905 366 1963 malum
388 1905 468 1962 lerro
491 1906 696 1979 summitteret,
720 1922 755 1964 ac
777 1923 810 1964 se

34 1987 176 2065 Explicat
198 1995 364 2062 angustum:
387 1986 557 2045 discriminis
577 1987 688 2062 ultima,
713 1987 827 2064 quando

34 2068 187 2132 Praesidia
209 2069 354 2130 afferimus
374 2086 476 2129 navem
498 2069 608 2130 iactura
631 2071 779 2130 minorem.

34 2153 149 2216 lnunc
171 2161 201 2212 et
221 2153 315 2210 ventis
338 2154 458 2212 animum
482 2153 642 2229 committe,
666 2152 764 2213 dolato

37 2236 174 2298 conlisus
195 2235 293 2313 ligno,
316 2235 412 2312 digitis
434 2255 450 2297 a
472 2244 565 2296 morte
585 2244 713 2296 remotus

39 2321 182 2394 Quattuor
203 2328 251 2380 aut
273 2327 401 2397 septem,
424 2321 449 2378 si
472 2321 508 2380 sit
528 2320 666 2380 latissima
684 2319 787 2394 taeda;

38 2403 106 2464 llox
128 2421 193 2463 oum
210 2403 341 2462 reticulis
361 2412 391 2463 et
408 2421 483 2481 pane
507 2412 536 2463 et
557 2413 659 2464 ventre
681 2403 806 2482 lagonae

40 2488 150 2566 Aspice
172 2486 325 2546 sumendas
347 2487 375 2545 in
397 2495 570 2565 tempestate
594 2507 725 2549 secures.
747 2515 750 2522 ·

41 2571 97 2631 Sed
120 2579 275 2649 postquam
293 2571 380 2630 iacuit
401 2570 515 2648 planum
535 2590 631 2648 mare,
652 2582 786 2651 tempora
803 2580 956 2652 postquam

41 2653 185 2732 Prospera
205 2655 335 2714 vectoris
357 2653 502 2732 latumque
523 2654 665 2715 valentius
687 2673 758 2716 euro

41 2735 75 2796 llt
94 2737 221 2816 pelago,
244 2746 397 2815 postquam
417 2736 526 2798 Parcae
547 2738 667 2798 meliora
689 2738 814 2816 benigna

43 2818 130 2881 Pensa
152 2839 236 2880 manu
257 2821 363 2880 ducunt
384 2819 492 2880 hilares
515 2831 544 2880 et
562 2822 689 2882 staminis
711 2821 770 2882 albi

43 2901 197 2979 hanilicae,
218 2903 331 2964 modica
349 2921 405 2964 nec
425 2904 541 2963 multum
562 2904 665 2964 iortior
683 2923 768 2966 aura,

44 2983 148 3047 Ventus
170 2988 269 3047 adest:
288 2988 367 3066 inopi
387 2987 560 3048 miserabilis
580 2997 643 3048 arte
665 2991 791 3050 cucurrit

44 3065 175 3130 Vestibus
198 3071 328 3131 extensis
350 3079 396 3146 et,
420 3071 498 3150 quod
516 3081 706 3150 superaverat
726 3091 822 3152 unum,

45 3147 113 3213 Vela
136 3171 224 3233 prora
246 3171 309 3213 suo.
351 3153 410 3214 lam
428 3155 629 3216 deficientibus
649 3157 753 3216 austris

47 3233 114 3312 Spes
135 3238 213 3298 vitae
236 3255 299 3298 curn
322 3238 386 3298 sole
405 3238 494 3311 redit;
517 3249 585 3300 tunc
605 3241 705 3317 g'ratns
726 3239 789 3301 lulo

47 3315 134 3398 litque
155 3323 305 3383 novercali
327 3322 415 3382 sedes
438 3323 569 3400 praelata
589 3323 697 3383 Lavino

48 3395 222 3482 Conspicitur
244 3406 373 3466 sublimis
395 3424 489 3484 apex,
510 3409 556 3466 cui
577 3407 696 3468 candida
718 3424 823 3467 nomen

37 3481 141 3548 'Scroia
163 3489 257 3566 dedit,
279 3491 365 3552 laetis
387 3490 547 3567 Phrygibus
570 3490 700 3550 mirabile
725 3510 835 3567 sumen,

83 3589 134 3632 mv.
157 3593 217 3632 sar.
798 3585 816 3638 6

990 750 1027 802 40

992 1165 1025 1218 45

992 1586 1026 1636 50

991 2001 1025 2054 hb

991 2417 1025 2470 60

991 2831 1025 2886 65
