2480 4006
211 303 250 365 38
560 312 595 359 o.
618 310 896 359 ruu.1ovennn1s

212 450 319 512 Oscula
344 449 491 510 delectent
513 457 543 508 et
564 448 731 527 desperatio
754 446 874 521 barbae,

211 535 249 596 tn
271 534 349 613 quod
372 533 505 594 abortivo
529 540 656 592 nonest
680 549 763 609 opus.
799 530 854 590 llla
876 529 1011 608 voluptas

211 621 326 679 Summa
348 626 458 693 tamen,
481 617 559 694 qnod
580 619 636 676 ianr
657 615 750 676 calida
771 623 880 674 matura
903 615 1018 675 inventa

211 703 329 781 Inguina
357 701 505 763 traduntur
526 699 662 777 medicis,
685 699 740 758 iarn
762 698 879 776 pectine
901 699 995 774 nigro.
1150 709 1199 764 370

211 786 291 865 Ergo
313 794 502 865 exspectatos
528 801 563 844 ac
585 785 681 842 iussos
705 798 843 842 crescere
865 783 986 859 primum

211 869 393 945 Testiculos,
416 878 570 947 postquam
592 874 753 944 coeperunt
774 883 842 924 esse
862 863 993 942 bilibres,

212 953 352 1014 Tonsorie
371 953 474 1013 damno
496 959 604 1011 tantum
626 951 701 1028 rapit
722 947 908 1008 Heliodorus.

213 1036 395 1116 Conspicuus
421 1035 510 1113 longe
534 1035 702 1112 cunctisque
725 1031 862 1092 notabilis
884 1034 970 1094 intrat

211 1122 337 1196 Balnea,
360 1137 417 1179 neo
439 1118 526 1178 dubie
550 1116 700 1178 custodem
722 1117 788 1176 vitis
811 1125 841 1175 et
862 1116 938 1177 horti
1150 1125 1199 1180 375

211 1205 372 1279 Provocat,
396 1221 413 1263 a
435 1203 548 1263 domina
569 1201 664 1261 iactus
687 1199 788 1279 spado.
824 1199 955 1261 Dormiat
976 1199 1027 1259 ille

213 1287 283 1348 (lum
306 1287 434 1348 domina:
459 1286 512 1346 sed
535 1294 565 1344 tu
586 1286 642 1344 iam
663 1283 779 1360 durum,
805 1283 956 1360 Postume,
981 1285 1095 1362 iamque

212 1371 399 1431 Tondendurn
425 1368 557 1430 eunucho
581 1367 724 1428 Bromium
749 1369 929 1440 committere
953 1367 1022 1427 noli.

254 1456 286 1515 Si
309 1454 417 1532 gaudet
439 1463 540 1529 cantu,
564 1452 670 1512 nullius
691 1451 780 1512 libula
802 1451 885 1512 durat

212 1539 323 1599 Vocem
344 1537 495 1600 vendentis
519 1535 718 1616 praetoribus;
742 1553 851 1613 organa
873 1554 989 1614 semper
1150 1546 1202 1600 380

212 1623 244 1683 ln
268 1621 414 1690 manibus;
440 1622 522 1682 densi
547 1621 657 1680 radiant
680 1621 826 1680 testudine
851 1629 912 1680 tota

213 1705 435 1780 sardonychem
460 1707 557 1782 crispo
582 1712 766 1764 numerantur
790 1705 907 1782 pectine
929 1703 1072 1781 chordae,

214 1789 279 1864 Quo
301 1799 385 1849 tener
404 1787 582 1863 Hedymeles
606 1805 712 1865 operas
733 1787 829 1847 dedit:
852 1787 928 1848 huno
950 1797 1048 1864 tenet,
1071 1787 1131 1848 hoo
1154 1807 1187 1848 se

214 1873 333 1934 Solatur
355 1881 499 1950 gratoque
525 1871 655 1948 indulget
676 1870 757 1930 basia
783 1872 908 1949 plectro.

214 1957 363 2031 Quaedam
388 1956 425 2017 de
449 1973 569 2016 numero
594 1954 752 2015 lamiarum
776 1974 811 2016 ac
833 1955 955 2014 nominis
980 1954 1047 2014 neti
1151 1966 1201 2020 385

213 2041 252 2102 Et
273 2042 351 2102 farre
374 2050 403 2100 et
425 2041 491 2100 vino
514 2038 810 2118 lanum'Vestamque
832 2038 966 2116 rogabat,

214 2126 261 2184 An
284 2123 476 2204 Capitolinam
499 2124 622 2184 deberet
642 2122 737 2182 Pollio
760 2141 899 2200 quercum

215 2210 343 2288 Sperare
366 2217 395 2267 et
417 2207 520 2267 idibus
543 2208 723 2286 promittere.
758 2205 833 2280 Quid
855 2207 968 2266 iaceret
989 2206 1054 2284 plus

216 2293 396 2369 Aegrotantc
417 2287 502 2350 viro?
526 2290 647 2350 medicis
671 2290 738 2368 quid
760 2290 889 2350 tristibus
914 2307 984 2368 erga

215 2372 369 2436 Filiolum'l
394 2375 474 2433 stetit
496 2383 562 2434 ante
583 2391 677 2450 aram,
700 2392 756 2433 nec
776 2383 861 2453 turpe
882 2374 992 2453 putavit
1154 2385 1204 2439 39o

215 2460 271 2519 Pro
296 2457 406 2518 cithara
428 2457 530 2517 velare
552 2466 655 2536 caput,
679 2457 844 2538 dictataque
867 2458 959 2518 verba

215 2541 351 2617 Pertulit,
375 2549 406 2600 nt
426 2558 489 2600 mos
515 2550 576 2617 est,
602 2549 632 2601 et
654 2551 756 2620 aperta
778 2542 879 2622 palluit
901 2559 984 2619 agna.

216 2626 271 2686 Dio
289 2624 357 2684 milri
378 2642 470 2701 nunc,
495 2643 624 2704 quasso,
653 2626 715 2702 dio,
739 2628 935 2706 antiquissime
956 2625 1061 2701 divum,

216 2708 391 2789 Respondes
413 2706 474 2783 lris,
497 2708 565 2770 lane
588 2708 692 2789 pater?
717 2729 820 2788 magna
841 2711 900 2771 otia
925 2709 1017 2777 coeli;

122 2791 129 2806 '
216 2793 281 2854 Non
302 2802 364 2868 est,
388 2792 466 2871 quod
485 2793 588 2872 video,
608 2803 730 2856 nonest
751 2794 828 2873 quod
846 2803 949 2871 agatur
967 2792 1042 2871 apud
1062 2795 1134 2856 vos!
1155 2806 1204 2860 395

216 2877 296 2937 llaec
318 2877 354 2936 de
378 2876 526 2937 comoedis
548 2887 577 2938 te
601 2878 738 2946 consulit:
761 2878 812 2938 illa
833 2877 1003 2956 tragoedum

218 2959 427 3022 Commendare
451 2961 548 3022 volet:
575 2965 726 3022 varicosus
749 2962 798 3022 liet
817 2961 974 3040 hamspex.

217 3044 276 3105 Sed
302 3053 398 3104 cantet
420 3047 532 3124 potius,
557 3064 641 3124 quam
663 3055 751 3106 totam
773 3045 910 3124 pervolet
930 3044 1031 3105 urbem

218 3128 320 3188 Audax
344 3138 372 3188 et
397 3138 499 3190 coetus
522 3131 616 3208 possit
639 3147 713 3208 quae
737 3129 818 3189 ferre
839 3131 965 3190 virorum

217 3209 347 3291 (dumque
369 3212 512 3290 paludatis
535 3212 656 3273 ducibus
679 3221 835 3291 praesente
857 3215 960 3275 marito
1158 3225 1205 3278 tot

217 3295 284 3374 lpsa
309 3294 389 3374 loqui
411 3306 493 3356 recta
518 3296 594 3356 iacie
622 3297 768 3376 siccisque
789 3297 933 3358 mamillis.

217 3379 297 3440 llaec
320 3379 422 3439 eadem
443 3381 538 3454 novit,
565 3379 633 3457 quid
655 3389 717 3441 toto
741 3380 789 3442 liat
812 3383 840 3441 in
864 3381 969 3458 orbe;¹

217 3461 293 3536 Quid
315 3464 421 3538 Seres,
450 3462 518 3540 quid
542 3462 672 3524 Thraces
695 3475 796 3542 agant;
820 3475 936 3526 secreta
959 3481 1107 3526 novercae

218 3544 254 3606 Et
278 3545 378 3624 pueri;
405 3547 469 3624 quis
492 3555 584 3625 amet,
610 3550 673 3627 quis
696 3548 845 3628 diripiatur
867 3549 990 3610 adulter.
