2480 4006
441 272 649 320 PRAEFATIO.
949 275 1037 324 xxlx

61 416 158 471 labnius
171 415 249 470 barm
261 415 370 485 scripsit,
387 415 463 470 tuitus
480 431 534 469 sum
544 415 635 470 Vindic.
647 431 671 486 p.
684 418 731 478 14:
743 415 828 470 eodem
838 431 894 472 vero
908 423 1005 471 auctore
1014 433 1037 476 r.

61 504 112 557 106
120 499 295 570 sacceampro
313 500 405 554 uocant
421 499 523 553 libenter
539 499 663 568 rescripsi,
682 514 729 552 nec
744 515 767 552 v.
779 503 939 560 118—121
950 501 1039 556 rectius

60 583 154 637 consuli
164 582 291 636 arbitratus
305 597 367 648 sum,
380 597 451 652 quam
461 591 488 636 ut
504 589 597 636 seruato
609 582 693 652 optimi
704 582 794 637 codicis
804 581 887 637 ordine
897 583 971 638 Iahnii
982 599 1040 638 coa·

60 665 460 736 iecturamtuauuelprotuacect,
480 665 625 720 Laclrmanni
641 664 1037 736 moccicprocaauicreciperem,
1105 729 1109 736 .

61 763 207 821 quamquam
218 749 247 804 de
257 749 355 820 reliquis
364 763 394 803 ne
404 748 428 804 hi
440 749 534 820 quidem
545 750 615 819 plano
631 749 691 804 milri
701 750 875 804 satisfecerunt.
904 747 955 804 Noc
965 756 1036 814 certo,

60 831 125 904 quod
142 848 167 886 v.
182 837 233 890 121
244 839 274 886 'err
284 833 364 902 priore
374 832 437 888 Pith.
449 849 521 887 manu
538 834 699 894 retinuerunt,
717 834 764 887 iam
775 832 846 887 buius
857 833 1039 890 correctorium

60 931 104 970 suo
120 916 146 970 in
156 932 213 970 narn
230 922 336 971 mutasse
352 917 457 981 videtin,
475 933 522 986 quo
542 917 638 971 demum
657 917 720 971 sacto
739 917 801 971 iusta
818 931 874 971 cunr
884 917 1039 988 sequentibus

60 1001 171 1054 iunctura
182 1013 226 1068 per
236 1000 402 1071 gradationem
413 1001 525 1062 stnritur;
536 1007 650 1070 nequeat
661 1001 690 1055 ad
701 1017 756 1055 caoc
767 1001 856 1055 referre
865 997 943 1072 magis
955 1000 1038 1058 dubito

60 1097 131 1154 quarn
144 1081 229 1138 Cicero
246 1083 363 1138 dubitavit
373 1081 444 1138 Olba.
460 1083 481 1137 Ι.
493 1087 527 1141 39
538 1083 625 1154 aliique
636 1085 699 1154 apud
708 1083 785 1138 Periz.
797 1084 828 1140 ad
844 1081 925 1138 Sauct.
938 1100 962 1154 p.
976 1089 1035 1152 985.

60 1165 148 1236 quibus
165 1165 226 1223 addc
242 1167 361 1222 comicum
376 1167 439 1236 apud
455 1166 546 1222 Charis.
565 1182 590 1236 p.
607 1169 675 1229 246:
692 1168 786 1237 spurios
803 1173 883 1222 autem
900 1169 1038 1240 priusquam

60 1248 171 1320 singulos
184 1259 267 1304 versus
284 1249 401 1314 iudicem,
419 1251 494 1304 totius
510 1250 557 1304 loci
575 1257 684 1305 tenorem
700 1252 723 1305 in
736 1251 934 1320 disceptationem
944 1267 1037 1319 vocem,

60 1347 132 1402 quem
144 1332 181 1386 sic
190 1333 294 1388 maxime
303 1333 388 1390 vellem
398 1333 461 1402 apud
470 1333 597 1404 probatum
606 1339 693 1388 testem
703 1333 819 1404 scriptum
829 1335 942 1390 invenirit

144 1415 234 1470 idcirco
257 1423 283 1471 ut
304 1417 400 1488 linquar
417 1423 561 1472 metanoeae
576 1417 747 1488 menapiorum

141 1499 239 1570 mesic:
258 1500 342 1572 liupuo
352 1501 517 1574 madidamque
527 1501 743 1570 depauperatum
752 1501 823 1554 caui.

58 1582 87 1636 V.
101 1585 153 1640 14³
163 1582 240 1638 locato
251 1583 365 1649 codices,
376 1583 475 1638 locatam
492 1583 588 1644 Iahnius
600 1598 621 1638 c.
633 1583 782 1647 Heinrichio,
799 1583 886 1638 blanda
895 1584 982 1653 specie,
995 1585 1038 1640 sed

59 1671 154 1735 practer
164 1667 345 1734 necessitatem,
357 1682 432 1738 quum
442 1666 553 1721 lecticam
564 1667 636 1720 etiam
647 1667 749 1722 conduci
758 1667 854 1722 solitam
869 1681 923 1720 csse
932 1665 972 1720 Vl.
985 1670 1037 1723 352

58 1749 184 1820 legamus;
195 1765 273 1820 neque
282 1750 341 1806 illud
352 1750 444 1814 obstat,
457 1749 520 1821 quod
530 1750 649 1806 Naevolus
659 1765 717 1806 mox
730 1751 873 1804 caelatorem
884 1756 909 1804 ct
920 1750 1037 1819 pictorem

61 1832 207 1886 domesticos
223 1832 312 1888 habere
327 1835 406 1904 cupita
426 1834 452 1887 lri
468 1834 532 1888 enim
548 1833 671 1888 dominnm
689 1834 755 1887 alunt
768 1833 849 1901 potius
867 1848 939 1902 quam
956 1834 1037 1888 abillo

60 1915 167 1978 aluntru,
187 1915 301 1972 lectrcarii
317 1917 394 1972 multo
411 1918 504 1972 murore
520 1917 627 1985 impensa
645 1915 811 1969 conducuntur
825 1930 897 1984 quam
913 1916 978 1969 domi
995 1931 1037 1984 pa-

60 2003 168 2052 scuntnr.

145 2081 196 2137 tin.
208 2081 247 2137 lV.
260 2080 310 2137 Sat.
321 2082 352 2138 ll.
363 2099 386 2137 r.
394 2086 429 2141 55
442 2083 506 2154 quod
515 2081 622 2136 incerare
633 2095 688 2134 cum
698 2079 772 2144 libris,
788 2094 836 2134 non
850 2094 906 2134 cnm
916 2079 1037 2151 bladvigio

60 2165 283 2222 etlabnioiucerate
292 2167 384 2236 scripsi,
395 2167 519 2236 ldndicp.
529 2165 677 2234 raptoribus
686 2163 831 2218 vindicatum
838 2168 888 2226 oot;
900 2161 1038 2236 ibidemque

59 2265 81 2304 v.
93 2252 146 2306 240
157 2249 207 2304 not
216 2264 260 2318 pro
271 2255 327 2304 suot
340 2256 364 2304 et
374 2265 397 2304 v.
409 2253 460 2308 365
471 2248 534 2304 abeat
545 2264 588 2318 pro
599 2247 669 2303 luber
679 2247 803 2303 Pithoeani
819 2253 885 2302 ccrtc
895 2247 1038 2304 auctoritate

59 2333 171 2397 delendi3
185 2333 286 2387 cundem
301 2339 443 2388 tamenntr.
451 2335 485 2390 70
495 2331 612 2388 iudicibus
624 2337 665 2386 aut
674 2348 697 2386 v.
706 2335 740 2389 93
750 2337 851 2403 arquata
861 2330 988 2387 scribendo
999 2348 1038 2387 se·

59 2427 152 2486 queror,
163 2430 196 2470 ne
201 2415 276 2471 lahnii
282 2417 379 2488 quidem
384 2416 520 2486 exemplum
526 2417 609 2480 movit,
621 2430 666 2471 nec
673 2431 696 2470 v.
706 2418 756 2472 917
765 2416 792 2471 iu
799 2431 896 2488 corpore
906 2422 948 2469 aut
953 2433 978 2470 v.
985 2418 1038 2476 326

58 2500 153 2570 amabo
164 2498 222 2554 haic
233 2500 483 2558 conccdeudnmduxi.
501 2499 547 2554 Pro
553 2499 671 2555 lodicibus
682 2500 729 2555 iam
738 2499 843 2555 secunda
849 2515 934 2555 manus
940 2500 1038 2556 indicias

58 2583 170 2648 restituit,
182 2597 229 2638 nec
239 2583 309 2638 lacilo
319 2583 448 2655 intelligas,
463 2583 583 2654 quomodo
592 2583 682 2638 delator
693 2583 752 2638 alios
761 2590 883 2654 praeterea
893 2583 986 2639 lodices
997 2585 1038 2640 ad-

58 2665 152 2734 hibeat,
170 2667 211 2738 qui
229 2683 277 2722 nou
294 2681 351 2721 mox
368 2665 459 2721 uotiua
475 2667 572 2721 nomine
588 2666 832 2736 comprehendantura
849 2667 941 2722 {odida
958 2674 1038 2722 autem

59 2765 114 2804 cum
124 2749 223 2805 tutibus
234 2750 315 2805 iuncta
333 2750 381 2804 duo
396 2750 436 2806 illa
454 2750 621 2819 probationum
636 2764 726 2820 genera
740 2751 861 2816 reserant,
875 2765 936 2820 quae
945 2757 1038 2805 veteres

59 2827 184 2900 ἐντέχνου
196 2841 221 2888 et
230 2827 344 2904 ἀτέχνου
355 2825 510 2894 arcaniorem
520 2833 643 2888 vocabulis
654 2833 838 2901 descripserunt,
851 2833 975 2902 multoque
982 2848 1038 2902 pro·

60 2915 142 2971 clivior
153 2931 167 2970 a
177 2917 261 2990 quidus
272 2919 301 2974 ad
311 2916 429 2974 iodicibru
446 2917 525 2988 lapsus
537 2917 594 2981 luit,
613 2931 685 2986 quam
700 2915 824 2970 librarium
835 2915 864 2969 ab
875 2913 994 2970 {adiubes
1008 2917 1038 2972 ad

59 3000 157 3054 doctum
175 3001 233 3054 illud
247 3001 389 3056 indiciarum
406 3001 532 3056 discrimen
550 2999 670 3054 aberrasse
685 3005 872 3053 consentaneum
887 2998 928 3052 sit.
963 2999 990 3055 V.
1004 3004 1039 3058 93

59 3091 183 3155 utpotae
194 3083 338 3154 Caprearum
355 3099 439 3154 rupem
451 3085 491 3155 qui
502 3085 661 3153 scripserunt,
678 3081 779 3136 ironiam
791 3088 953 3152 captaverunt,
967 3099 1038 3154 quam

60 3173 139 3222 tamen
155 3181 234 3238 neque
251 3167 276 3221 in
290 3167 501 3223 uuruvocabulo
517 3181 594 3238 neque
609 3167 634 3220 in
651 3178 722 3237 qrepc
733 3163 851 3221 Cbalmeo
868 3167 1037 3238 agnoscimus:

60 3250 149 3320 exigua
159 3250 236 3321 igitur
245 3252 378 3306 mutatione
389 3267 445 3306 cum
451 3251 574 3321 Rupertio,
590 3249 733 3313 llcinrichio,
742 3249 848 3305 Webcro
859 3258 961 3322 utpuotu
971 3266 1038 3321 prae·

61 3333 118 3397 tuli,
138 3334 203 3404 qnod
224 3334 296 3390 ctiam
312 3335 364 3390 sine
374 3335 505 3390 multorum
522 3335 632 3390 codicum
649 3333 785 3389 adiumento
797 3334 935 3388 coniectura
945 3334 1039 3406 assequi

60 3415 160 3479 licebat:
177 3417 308 3488 eademque
318 3434 389 3474 causa
400 3425 437 3473 est
446 3434 470 3473 v.
481 3422 541 3482 917,
553 3418 595 3472 ubi
605 3418 632 3472 ia
642 3424 698 3488 post
707 3418 754 3472 maa
765 3417 836 3472 siusili
847 3417 899 3472 eius
910 3419 985 3474 errori
995 3417 1037 3472 tri-

60 3498 121 3563 buo,
133 3501 174 3571 qui
184 3501 256 3555 eliam
267 3516 290 3556 v.
303 3506 344 3562 36.
356 3502 389 3558 37
401 3508 457 3572 post
463 3508 596 3572 madorem
608 3507 632 3555 et
642 3500 761 3556 udbrmm
772 3502 973 3571 praepositionem
983 3515 1038 3571 pcr-

60 3597 141 3650 peram
155 3584 265 3648 intrusit;
276 3585 354 3640 solnm
367 3592 432 3640 certe
439 3584 567 3639 ablativum
580 3585 604 3638 in
619 3586 670 3655 pari
682 3585 859 3641 constructione
870 3583 1037 3639 incausti.
