2480 4006
465 259 591 306 suarna
611 261 644 306 v.
1006 249 1046 308 25

39 397 182 457 Frivola.
229 397 314 472 Quod
336 415 421 476 quum
443 399 482 458 ita
503 400 556 472 sit,
581 407 610 458 tu
634 397 784 459 Gaetulum
809 399 1003 475 Ganymedem

39 482 196 559 Respice,
221 499 307 560 quum
328 483 419 541 sities.
464 480 566 542 Nescit
586 491 629 541 tot
661 482 775 543 milibus
799 493 913 561 emptus
1012 497 1046 548 60

38 565 234 642 Pauperibus
256 567 383 624 miscere
404 583 492 644 puer:
515 565 569 624 sed
593 565 702 641 forma,
727 565 779 625 sed
802 576 882 626 aetas

40 649 146 725 Digna
173 648 346 726 supercilio;
375 649 489 728 quando
514 649 550 708 ad
574 658 603 708 te
627 650 761 726 pervenit
784 647 857 710 ittet

41 731 176 805 Quando
200 741 320 809 rogatus
341 732 425 792 adest
448 732 559 792 calidae
583 732 759 812 gelidaeque
780 731 931 792 minister?

42 815 173 893 Quippe
194 816 358 893 indignatur
381 818 475 876 veteri
499 833 604 894 parere
628 816 738 892 clienti,

40 898 198 977 Quodque
221 900 328 978 aliquid
350 916 474 978 poscas,
498 909 527 960 et
548 901 626 978 quod
650 919 682 960 se
707 910 800 960 stante
823 900 987 962 recumbas.
1012 913 1045 965 65

42 980 177 1042 blaxima
200 1001 332 1062 quaeque
356 984 457 1043 domus
480 985 574 1043 servis
597 993 643 1044 est
667 984 753 1062 plena
776 984 921 1062 superbis.

42 1065 133 1126 Ecce
157 1065 229 1125 alius
253 1075 359 1145 quanto
384 1068 517 1146 porrexit
539 1086 682 1127 murmure
707 1086 810 1146 panem

42 1150 106 1208 Vix
130 1149 270 1227 fractum,
294 1150 407 1211 solidae
430 1153 485 1211 iam
508 1152 620 1211 mucida
643 1152 877 1227 tristatarum,

43 1233 135 1306 Quae
158 1236 312 1310 genuinum
337 1237 463 1312 agitent,
487 1251 544 1294 non
567 1235 744 1295 admittentia
769 1252 911 1296 morsum:
975 1234 977 1238 ’

44 1317 111 1376 Sed
136 1325 221 1377 tener
243 1329 272 1378 et
294 1321 396 1378 niveus
419 1318 559 1397 mollique
582 1319 695 1396 siligine
719 1319 813 1379 lactus
1012 1329 1047 1382 70

44 1401 193 1460 Servatur
216 1402 342 1462 domino.
386 1403 525 1463 Dextram
548 1402 688 1462 cohibere
711 1411 873 1471 mement0;

45 1485 140 1545 Salva
163 1486 200 1544 sit
222 1495 355 1565 artoptae
378 1485 559 1546 reverentia!
587 1486 665 1563 linge
688 1497 783 1546 tamen
806 1495 835 1546 te

44 1568 268 1647 Improbulum,
293 1579 429 1648 superest
452 1569 512 1629 illic
533 1571 581 1648 qui
605 1587 716 1648 ponere
738 1578 843 1646 cogat:

46 1653 102 1712 Vis
127 1662 157 1712 tu
179 1654 327 1713 consuetis
349 1653 443 1714 audax
468 1655 589 1714 conviva
613 1655 745 1714 canistris

47 1735 170 1814 lmpleri
194 1738 337 1818 panisque
360 1738 399 1798 tui
421 1739 540 1798 novisse
566 1734 774 1798 coloremi-
1011 1745 1045 1801 te

48 1820 173 1880 Scilicet
194 1821 252 1881 boc
274 1819 388 1897 iuerat,
411 1831 534 1900 propter
558 1823 636 1899 quod
661 1839 751 1898 saepe
772 1820 875 1881 relicta

51 1903 186 1981 Coniuge
209 1924 264 1982 per
285 1915 411 1964 montem
436 1905 590 1964 adversum
610 1903 784 1980 gelidasque
808 1906 922 1964 cucurri

50 1987 219 2065 Esquilias,
242 1989 382 2046 fremeret
404 2006 492 2046 saeva
515 2005 601 2064 quum
623 1985 764 2062 grandine
785 2005 893 2046 vernus

51 2072 184 2149 luppiter
207 2079 237 2130 et
259 2070 347 2130 multo
371 2069 494 2130 stillaret
515 2070 640 2147 paenula
663 2068 829 2140 nimbo!—

52 2155 181 2232 Aspice‚
204 2173 290 2234 quam
314 2154 404 2231 longo
427 2153 571 2214 distendat
594 2161 717 2232 pectore
740 2153 865 2229 lancem,
1009 2165 1048 2216 80

54 2238 135 2312 Quae
158 2237 251 2298 lentur
274 2238 390 2298 domino
414 2237 534 2316 squilla,
563 2236 719 2316 atquibus
742 2238 868 2315 undique
891 2246 973 2317 septa

54 2322 230 2400 Asparagis‚
255 2340 311 2400 qua
333 2323 478 2400 despiciat
499 2322 631 2382 convivia
654 2321 756 2397 cauda,

53 2406 125 2466 Dum
154 2409 234 2468 venit
270 2406 383 2466 excelsi
408 2405 538 2465 manibus
560 2405 673 2465 sublata
695 2405 831 2464 ministri:

56 2491 114 2549 Sed
135 2490 185 2550 tibi
208 2491 324 2550 dimidio
350 2490 524 2549 constrictus
548 2507 708 2550 cammarus
731 2505 787 2548 ovo

57 2573 170 2633 Ponitur
192 2575 297 2652 exigua
321 2573 422 2634 leralis
446 2590 539 2633 coena
562 2573 681 2652 patella.
1009 2580 1044 2632 85

57 2657 123 2734 lpse
145 2657 311 2718 Venafrano
333 2658 446 2735 piscem
467 2657 629 2736 perfundit:
654 2665 683 2716 at
704 2656 767 2729 hic,
790 2655 837 2732 qui

59 2739 179 2800 Pallidus
203 2741 322 2801 affertur
342 2742 449 2801 misero
472 2740 524 2800 tibi
547 2741 657 2814 caulis,
684 2738 776 2798 olebit

60 2822 236 2892 Lanternam;
260 2825 330 2885 illud
355 2826 430 2884 enirn
453 2825 560 2884 vestris
582 2823 665 2882 datur
689 2821 830 2896 alveolis,
853 2820 930 2897 quod

62 2905 152 2967 Canna
174 2907 359 2986 Micipsarum
381 2926 469 2987 prora
492 2907 627 2966 subvexit
648 2914 744 2972 acuta;

62 2991 178 3068 Propter
198 2993 275 3070 quod
297 2990 408 3052 Romae
431 3010 493 3051 eum
515 2990 648 3049 Boccare
673 3005 757 3047 nemo
778 2988 899 3062 lavatur,
1010 2999 1044 3052 90

64 3073 153 3152 [Quod
175 3084 252 3136 tutos
278 3077 363 3135 etiam
386 3077 455 3136 iacit
477 3094 493 3136 a
516 3072 701 3152 serpentibus
725 3072 818 3151 atris]

63 3155 160 3217 llullus
182 3161 237 3219 erit
261 3160 384 3235 domini,
408 3178 493 3238 quem
515 3159 592 3217 misit
615 3155 751 3234 Corsica,
773 3156 823 3216 vel
845 3175 932 3235 quem

64 3240 314 3304 Tauromenitanae
337 3246 443 3323 rupes,
467 3243 582 3322 quando
607 3259 691 3302 omne
714 3250 863 3320 peractum
887 3249 931 3298 est

65 3323 97 3385 m
116 3327 167 3386 iam
189 3327 299 3388 deiecit
320 3337 448 3387 nostrum
468 3345 565 3402 mare,
588 3327 653 3386 dum
675 3325 743 3402 gula
768 3325 871 3398 saevit,

65 3408 176 3469 Retibus
200 3411 323 3471 assiduis
346 3411 460 3489 penitus
484 3419 631 3470 scrutante
657 3407 782 3468 macello
929 3445 950 3467 .
1008 3417 1042 3470 95

66 3493 203 3570 Proxima,
227 3513 283 3555 nec
303 3495 425 3573 patimur
447 3493 626 3568 Tyrrhenum
650 3509 788 3551 crescere
809 3491 928 3568 piscem
