2480 4006
449 274 658 322 Pescennio.
1006 275 1043 321 tx

66 438 129 496 ago,
145 429 214 478 utne
227 419 363 476 iuvenalem
377 419 487 490 quidem,
507 419 592 474 beatae
602 433 676 473 uenae
687 419 879 486 adolescentem,
897 411 1043 474 acommmi

66 506 260 563 doctissimorum
281 511 305 558 et
326 504 530 558 severissimorum
547 503 610 558 illius
627 503 711 558 aetatis
726 501 851 558 hominum
868 502 905 556 vel
921 515 989 558 more
1006 501 1043 558 val

67 589 237 645 exercitatione
251 588 367 653 eximam,
384 603 445 658 quos
461 587 577 642 ludicram
595 587 678 656 poesin
695 586 784 656 passim
795 592 910 640 tractasse
927 592 951 640 et
965 602 1009 641 suo
1020 593 1044 641 et

67 674 169 729 aliorum
184 671 295 741 exemplo
311 669 401 725 Plioius
412 669 488 740 Epist.
500 669 538 724 lV.
555 672 588 726 14
603 676 628 724 et
637 670 687 724 Vll.
702 672 719 724 4
736 675 845 724 testatam.
879 669 945 724 ldem
964 675 1044 725 tamen

65 773 98 813 ne
120 753 322 828 quemadmodum
342 753 456 809 Martialis
474 754 498 808 in
523 753 594 808 buius
614 753 709 824 generis
730 753 827 807 leuitate
853 761 1043 819 consenesceret,

65 841 109 896 scd
120 846 176 910 post
191 839 295 894 mediam
306 843 372 893 certe
382 844 484 892 aemtcm
502 837 597 892 altiores
607 837 704 907 spiritus
715 843 863 906 capesseret,
881 843 975 906 pmeter
991 837 1045 891 uni·

65 938 159 979 versam
169 923 285 992 temporis
297 921 459 986 atrocitatem,
482 935 553 992 quam
570 921 730 976 communiter
740 935 796 975 eum
807 920 890 975 multis
900 920 982 984 sensit,
994 921 1044 990 ipsa

65 1008 106 1063 illa
117 1006 245 1078 peculiaris
261 1006 357 1060 fortuna
368 1005 461 1069 effecit,
479 1019 540 1076 quae
555 1010 649 1060 tantmn
666 1003 741 1060 abfuit
757 1010 801 1071 ut,
818 1003 882 1076 quod
894 1002 1044 1059 Domitianus

66 1091 157 1154 voluit,
170 1089 289 1144 mordacis
300 1089 391 1160 ingenii
404 1089 500 1144 aculeos
509 1087 647 1155 hebetaret,
661 1095 688 1142 ut
698 1088 795 1143 eosdem
807 1102 821 1141 a
831 1087 931 1143 fortuito
942 1087 1043 1142 ludibrio

67 1174 97 1229 ad
106 1175 193 1229 ecclam
204 1173 394 1244 indignationem
404 1172 549 1236 transferret,
565 1186 686 1243 quumque
695 1171 823 1241 probibere
833 1187 881 1226 non
894 1179 1044 1242 possetque

65 1258 147 1312 minus
159 1272 195 1322 ea,
207 1270 268 1328 quae
279 1255 374 1310 inorbo
385 1261 532 1328 gererentur,
545 1270 587 1325 per
598 1256 678 1310 literas
689 1256 820 1310 multorum
832 1255 966 1310 etnoncios
978 1270 1043 1310 com·

64 1341 162 1412 periret,
173 1340 327 1395 nihilomiuus
338 1339 367 1394 ab
379 1339 497 1394 illecebris
508 1355 536 1393 ac
545 1339 650 1394 tumultu
660 1338 726 1393 urbis
736 1345 829 1394 remoto
841 1339 917 1393 otium
927 1339 1044 1409 praebuit,

65 1425 136 1480 cuius
155 1423 273 1478 beneflcio
284 1423 308 1477 in
324 1438 352 1477 se
368 1423 523 1478 descenderet
533 1423 754 1494 adolescentiaeque
770 1422 815 1478 sub
831 1421 939 1487 Nerone,
962 1421 1043 1488 Galba,

64 1509 210 1578 Vespasiano
228 1513 295 1562 actae
316 1507 484 1577 experimentis
505 1506 607 1562 recoctis
629 1506 658 1561 ad
677 1521 730 1560 eam
746 1521 841 1560 morum
857 1505 987 1576 iudiciique
1005 1519 1044 1559 se·

64 1592 191 1647 veritatem
206 1589 353 1662 perveniret,
376 1607 446 1662 quam
465 1591 556 1660 primae
571 1591 653 1644 statim
664 1590 750 1644 satirae
767 1604 824 1644 oum
833 1588 960 1658 splendore
974 1594 1045 1659 atquc

64 1675 178 1730 acumine
199 1674 289 1746 ingenii
310 1675 411 1746 egregie
432 1674 585 1730 coniunctam
608 1673 745 1728 ostendunt.
783 1673 831 1727 Has
849 1672 913 1726 enim
932 1672 1044 1728 reducem

62 1759 163 1815 demum
181 1758 211 1813 ab
228 1758 299 1813 exilio
311 1758 394 1829 primis
411 1758 449 1814 vel
460 1757 552 1813 Neruae
562 1757 599 1812 vel
611 1757 703 1812 fraiani
719 1757 787 1812 annis
794 1756 918 1826 scripsisse
928 1763 952 1811 et
962 1755 1044 1812 llomi·

63 1843 123 1898 tiani
138 1857 215 1909 mors,
236 1856 306 1912 quarn
324 1840 375 1897 Sat.
389 1842 489 1897 lVextr.
507 1846 638 1907 memorat,
656 1847 681 1894 et
698 1839 774 1896 Prisci
789 1839 857 1894 llarii
876 1841 986 1905 exilium,
1004 1840 1043 1911 qui

62 1926 141 1981 Plinio
153 1931 293 1981 accusatore
303 1939 326 1978 a.
340 1930 391 1982 loc
403 1941 428 1994 p.
440 1924 497 1979 Chr.
509 1924 682 1978 condemnatus
693 1929 737 1986 ost,
753 1923 883 1977 clarissime
893 1923 992 1992 probat:
1004 1939 1043 1978 ea-

61 2009 168 2064 rundem
188 2015 269 2061 tamen
291 2007 414 2061 materiam
434 2007 485 2060 fcre
506 2011 624 2060 maturam
646 2003 733 2060 abillo
751 2005 850 2060 domurn
871 2007 969 2061 relatam
992 2021 1043 2060 essa

64 2091 102 2147 rel
121 2090 178 2146 inde
192 2090 305 2161 colligas.
324 2089 388 2160 quod
399 2089 451 2159 ipse
461 2087 511 2144 Sat.
524 2090 534 2144 l
551 2096 612 2145 extr.
625 2104 652 2144 se
667 2103 750 2144 eorum
766 2089 918 2160 potissimum
929 2091 1045 2160 exemplis

61 2190 165 2231 usurum
176 2189 229 2230 esse
238 2172 376 2244 profitetur,
388 2187 490 2244 quorum
501 2173 563 2229 cinis
572 2172 693 2230 limmate
711 2173 835 2229 etLotico
848 2179 953 2246 tequtru’,
966 2175 1044 2230 scitis·

61 2261 173 2330 simeque
183 2257 318 2330 Madvigius
329 2254 418 2327 Opusc.
438 2257 504 2314 acad.
522 2258 589 2312 alter.
601 2273 625 2328 p.
639 2259 689 2314 185
707 2258 739 2312 ita
757 2257 1043 2328 plerumqucluvenalem

63 2345 87 2398 in
106 2343 165 2397 vitia
182 2341 260 2397 invehi
284 2340 461 2406 animadvertit,
481 2347 507 2396 ut
529 2359 558 2396 co
575 2341 659 2416 quidm
675 2341 727 2413 ipsc
742 2341 877 2398 recitaverit
892 2348 997 2414 ternpore
1014 2341 1044 2397 ob

61 2425 239 2498 snpera'cn'bcs,
259 2441 290 2480 ec
305 2424 512 2498 podismum
526 2426 635 2497 ecernpfo
650 2432 739 2489 mmet,
761 2442 811 2481 con
822 2425 1043 2498 diliqecterdistr'c·

60 2516 122 2582 quot
139 2526 169 2564 oc
184 2525 256 2582 saepe
271 2525 298 2564 ae
313 2508 341 2563 ic
355 2509 414 2564 boec
424 2509 555 2582 tromserct
566 2509 685 2566 eademi
697 2509 791 2582 Μηνᾶ,
808 2510 921 2583 ᾳιιοηέαιη
930 2510 1044 2566 scioessa

60 2592 179 2664 [mdes.
198 2594 283 2648 inuno
294 2593 398 2664 ecmquc
409 2594 527 2658 emnem,
539 2593 670 2650 edomuere
681 2593 748 2650 enm
759 2595 998 2666 edmecperts'ceom
1011 2594 1043 2650 cf.

61 2677 137 2730 etiam
147 2675 274 2731 Paldamus
289 2677 313 2730 in
326 2675 428 2747 prem.
440 2677 535 2749 Antiqu.
546 2678 610 2738 stud.
624 2681 705 2742 1843,
717 2693 741 2748 p.
754 2679 836 2740 1031:
854 2693 915 2749 quae
925 2694 999 2750 quum
1010 2680 1044 2733 ita

46 2760 125 2830 sint,
139 2759 241 2814 dubitari
252 2760 292 2814 vix
305 2775 377 2830 posse
392 2761 498 2828 videtur,
515 2762 572 2833 quin
583 2763 673 2832 primos
689 2771 741 2816 tres
756 2763 883 2817 satirarum
900 2761 974 2818 libros
986 2777 1044 2832 pau·

60 2857 149 2898 eorum
167 2857 283 2898 annorum
303 2843 393 2912 spatio,
413 2849 539 2916 postquam
559 2846 650 2914 patriae
666 2845 773 2899 redditus
796 2850 846 2910 est,
867 2844 1043 2913 conscripserit,

63 2939 177 2997 novoque
193 2926 241 2982 hoc
251 2927 419 2982 recitationum
431 2941 521 3000 genere
538 2927 673 2998 aequalium
684 2927 776 2982 animos
787 2926 933 2982 demulserit.
961 2925 1045 2997 Neque

62 3010 174 3081 profecto
182 3011 300 3066 aliaactas
310 3009 367 3065 huic
377 3011 477 3082 negotio
489 3011 566 3081 aptior
576 3017 638 3076 erat,
652 3024 724 3081 quam
735 3009 827 3064 Nervae
838 3007 978 3082 Traianique
996 3011 1044 3081 pri·

61 3094 163 3158 mordia,
175 3094 262 3166 quibus
273 3094 384 3150 dirutuma
398 3094 492 3150 silentia
503 3094 570 3166 quasi
580 3093 650 3150 obice
661 3092 756 3148 sublato
766 3094 845 3149 soluta
855 3109 908 3149 csse
918 3095 956 3150 vel
967 3095 1044 3150 Taciti

60 3177 176 3250 Agricola
194 3179 266 3233 docet
282 3177 444 3250 paulatimque
463 3177 617 3233 redeuntibus
633 3177 719 3232 animis
728 3191 760 3232 ue
774 3179 926 3233 acerbissima
946 3179 1043 3251 quidem

60 3262 176 3318 ustorum
186 3260 338 3332 reprehensio
351 3261 477 3317 offensioni
488 3269 553 3328 erat,
572 3262 627 3334 quia
643 3261 723 3316 iubae
733 3276 829 3333 quoque
839 3277 916 3317 raram
927 3265 1043 3333 temporis

63 3346 205 3402 felicitatem
223 3359 357 3417 agnoscere
373 3345 418 3400 sibi
431 3345 584 3411 videbantur,
602 3360 648 3417 qua
666 3345 830 3417 sentirequod
846 3346 919 3402 velles
931 3347 1043 3419 quodque

61 3430 164 3485 sentires
174 3429 254 3484 dicere
264 3428 360 3491 liceret:
372 3429 418 3482 lrac
428 3429 503 3500 igitur
512 3435 667 3500 tempestate,
685 3445 760 3502 quum
771 3429 811 3484 alii
824 3431 902 3485 exitus
914 3431 1041 3486 illustrium

60 3513 167 3568 urorum
182 3512 255 3579 (Plim
268 3510 344 3582 Epist.
356 3512 417 3566 Vlll.
430 3516 471 3569 12.
483 3515 513 3580 4)
529 3513 604 3568 literis
613 3513 766 3580 mandarent,
779 3514 818 3568 alii
830 3529 886 3570 cum
896 3514 982 3585 prioris
992 3529 1042 3568 ser-

61 3597 143 3652 n'tntis
154 3596 271 3650 memoria
286 3595 448 3667 praesentium
464 3594 582 3650 bonomm
600 3598 764 3653 testimonium
775 3604 962 3670 componerent,
974 3597 1041 3653 lure
