2480 4006
221 280 321 328 XXXII
602 279 809 326 PRAEFATIO.

223 429 271 482 125
283 429 307 480 et
316 427 369 481 223
379 430 450 493 poeta
460 429 532 496 urget
543 429 568 477 et
577 436 642 476 nuno
651 421 684 476 ita
695 423 803 492 posuisse
813 422 918 487 ridetur.
930 429 958 478 ul
968 438 1017 478 non
1027 423 1078 493 pari
1088 437 1146 478 cnm
1157 438 1200 478 an·
1228 425 1229 496 f

221 506 385 563 teocdentibus
397 505 517 562 infinitir's
533 507 587 562 loco
597 504 680 560 haberi
689 506 732 561 sed
742 506 807 562 huno
817 521 914 562 sensum
931 521 984 560 csse
995 505 1081 562 vellet:
1093 506 1153 562 dum
1164 506 1199 562 di·

220 591 290 646 vitias
307 590 430 663 adquiras,
454 591 520 646 nullo
538 590 637 645 crimine
653 589 778 646 abstinere.
796 618 839 629 -
854 590 883 648 V.
899 594 951 649 269
962 589 1019 661 quin
1029 605 1073 660 pro
1083 596 1199 659 suspecto

220 681 342 740 notarem,
364 679 498 744 temperare
508 674 566 730 mihi
576 689 625 728 non
635 673 717 744 potum
733 674 807 732 cirria
817 680 883 730 certo
892 673 1009 728 acerbitas
1017 674 1112 729 ridetur
1121 674 1147 728 in
1158 674 1200 728 do·

220 759 364 829 comprimo,
377 773 438 830 quae
448 773 535 813 varrum
546 757 627 828 potius
644 762 669 811 et
680 759 846 824 temerarium,
865 773 937 830 quam
954 757 1026 813 vilem
1037 765 1062 812 et
1078 757 1200 828 perditum

221 848 379 899 mercatorem
392 841 515 911 proponit,
527 841 652 912 ipsumque
669 841 783 897 orationis
800 858 897 898 cursum
914 841 990 898 inanIs
1007 840 1201 912 amplificationis

220 927 334 996 strepitus
352 924 441 987 tardat:
460 925 538 979 acrius
554 931 633 980 tannen
651 931 721 980 tueor
734 926 798 996 quod
815 933 840 982 ct
852 925 922 980 huius
937 925 1024 980 satirae
1033 940 1056 980 r.
1067 930 1119 984 315
1131 930 1158 980 et
1169 923 1199 980 X

221 1013 272 1067 365
284 1023 326 1078 pro
338 1005 408 1062 naon
420 1023 475 1064 cunr
486 1007 622 1063 Heinrichio
634 1009 719 1078 scripsi
728 1009 799 1076 obest,
811 1010 875 1082 qnod
886 1015 914 1064 ut
926 1008 1049 1080 superiore
1059 1009 1113 1065 loco
1124 1009 1202 1079 Ipsius

222 1091 344 1146 pithoeani
354 1090 401 1145 lldo
411 1091 505 1155 nititur,
518 1092 550 1146 ita
563 1091 726 1164 antiquissimo
737 1093 854 1149 lactantii
863 1092 1001 1150 testimonio
1013 1091 1089 1149 Instit.
1101 1092 1149 1148 div.
1159 1091 1199 1148 lll.

222 1179 256 1233 ‘29
267 1176 300 1228 ita
317 1174 438 1240 firmatur,
451 1181 479 1230 nt
489 1191 554 1230 nunc
565 1176 603 1230 rel
615 1182 698 1230 contra
709 1178 828 1247 optimum
838 1177 948 1233 codicem
958 1177 1110 1232 retinendum
1121 1177 1202 1232 visum

220 1260 266 1321 sit;
277 1273 308 1312 ne
319 1257 383 1312 enim
392 1258 469 1328 ipsum
481 1266 577 1329 poetam
586 1259 689 1314 variasse
699 1275 852 1326 consecrem,
863 1261 995 1316 sententiae
1004 1273 1100 1333 quoqne
1111 1275 1202 1316 conve·

220 1343 309 1398 nientia
320 1347 396 1406 vetat,
414 1343 454 1396 cui
463 1343 542 1399 solnm
552 1341 617 1397 ebert
632 1349 742 1398 constare
758 1346 782 1399 in
793 1344 884 1401 Vindio.
896 1360 920 1414 p.
934 1346 967 1402 17
977 1344 1080 1400 delendi.
1092 1372 1134 1382 —
1147 1344 1201 1400 Sat.

221 1425 271 1481 llV.
283 1441 305 1480 r.
317 1426 360 1483 86.
372 1429 406 1484 87
418 1426 594 1496 interpolatoris
605 1441 684 1498 nugas
695 1429 767 1484 etiarn
778 1426 894 1483 Orellium
914 1426 1098 1497 deprehendisse
1108 1429 1201 1489 laetor;
1232 1413 1233 1492 l

221 1525 266 1565 nec
276 1527 299 1565 r.
311 1513 362 1567 124
374 1524 415 1565 cos
425 1510 493 1582 sequi
505 1509 623 1574 dubitari,
641 1512 682 1581 qni
699 1527 743 1582 pro
759 1509 895 1567 Bn'tonibuc
912 1511 991 1567 minus
1007 1518 1064 1566 nota
1074 1511 1201 1567 Bistonum

221 1600 295 1666 gente
305 1593 415 1648 restituta
425 1595 531 1649 numeris
541 1594 612 1649 slmul
624 1600 649 1648 ct
661 1596 767 1650 sermoni
777 1595 961 1660 consuluerunt,
974 1595 1015 1666 qui
1025 1595 1088 1665 apud
1100 1596 1201 1651 lovena·

221 1679 268 1732 lem
282 1676 414 1732 Britannos
429 1683 522 1732 tantum
538 1677 656 1739 admittit;
673 1677 758 1734 eodem
769 1694 825 1733 vero
837 1679 947 1748 exemplo
957 1675 1010 1732 Sat.
1022 1675 1083 1734 XVI.
1097 1680 1201 1737 lrarius

221 1759 294 1816 Gellii
305 1773 392 1814 nornen
403 1759 509 1813 revocari
520 1759 594 1828 Ipsius
600 1759 723 1814 Pithoeani
730 1762 859 1816 auotoritas
865 1761 942 1826 iussit,
952 1760 1016 1830 quod
1022 1776 1097 1830 quum
1109 1762 1203 1818 librarii
1233 1757 1234 1778 ¹

221 1846 371 1916 ignorarent,
395 1849 488 1898 mature
504 1841 571 1898 Galle
587 1857 630 1912 pro
648 1840 712 1898 Galli
726 1843 854 1900 scribendo
866 1843 969 1897 editores
984 1857 1080 1914 quoque
1090 1843 1116 1898 in
1127 1845 1202 1900 huius

220 1928 364 1984 oblivionem
376 1926 531 1983 adduxerunt.
542 1956 581 1964 —-
593 1923 760 1998 Sulpiciae
773 1928 885 1992 sannam,
897 1941 969 1998 quarn
979 1925 1072 1982 Pithoei
1085 1927 1202 1984 aliorum·

221 2028 267 2085 que
283 2010 393 2080 exemplo
410 2012 525 2066 comitem
535 2010 639 2065 luvenali
651 2011 744 2080 addidi,
757 2013 807 2067 lere
817 2016 892 2068 totam
903 2009 933 2066 ad
944 2009 1103 2066 Wcrosdorlli
1115 2027 1201 2068 exem·

220 2099 271 2166 plar
282 2095 401 2164 expressi,
414 2109 486 2165 quem
495 2093 570 2150 semel
581 2101 674 2150 tentum
690 2096 932 2152 omnesomnes
944 2095 1074 2164 proclivem
1086 2097 1201 2152 emcnda-

220 2180 310 2234 tionem
320 2194 375 2248 opes
385 2192 428 2246 pro
439 2193 497 2248 opes
504 2178 637 2246 sprevisser
648 2179 672 2232 in
681 2177 755 2234 altero
767 2179 835 2246 loco,
847 2177 889 2231 uhi
898 2179 928 2232 ab
937 2178 1000 2232 illius
1007 2179 1111 2235 lectione
1122 2180 1201 2236 disce·

221 2263 279 2318 dens
289 2276 311 2318 r.
324 2265 357 2318 61
374 2259 432 2314 vein
449 2275 505 2314 curn
519 2259 656 2315 Burrnanno
673 2276 716 2331 pro
733 2262 806 2318 velini
821 2260 921 2330 scripsi,
939 2276 1021 2319 veram
1031 2265 1138 2333 poetriae
1149 2280 1200 2319 ma·

220 2361 276 2401 num
289 2358 335 2399 nec
345 2343 396 2412 ipse
408 2348 527 2412 praestare
538 2343 625 2401 audeo.

303 2476 357 2533 Sor.
373 2475 503 2547 Gottingae
515 2475 539 2531 d.
552 2476 629 2531 XXIV
640 2477 725 2534 Sextil.
738 2495 759 2534 a.
773 2478 940 2536 llllCCCLIV.

824 2708 862 2791 d.
888 2708 943 2788 Fr.
967 2709 1142 2788 llcrnonn.
